@book{r01,
  title={Agriculture in the City's Countryside},
  author={Bryant, Christopher R and Johnston, Thomas R R},
  year={1992},
  publisher={Pinter Press},
  address={London, UK}
}

@article{r02,
  title={Les fonctions alimentaires de l'agriculture urbaine au Nord et au Sud-Diversit{\'e} et convergences},
  author={Aubry, Christine},
  journal={Bulletin de l'Association de G{\'e}ographes Fran{\c{c}}ais},
  volume={90},
  number={3},
  pages={303--317},
  year={2013},
  publisher={Association de g{\'e}ographes fran{\c{c}}ais}
}

@book{r03,
  title={La Recherche Action},
  author={Barbier, R},
  year={1996},
  publisher={Editions Economica},
  address={Paris, France}
}

@article{r04,
  title={Action research and minority problems},
  author={Lewin, Kurt},
  journal={Journal of Social Issues},
  volume={2},
  number={4},
  pages={34--46},
  year={1946},
  publisher={Wiley Online Library}
}

@TechReport{r05,
author = {Boisclair, M},
title = {La Recherche Action},
institution = {Social Sciences and Humanities Research Council},
year = {2008},
type = {Report prepared for C. Bryant in the context of his research project on the reduction of the vulnerability of periurban agriculture by using an Action Research process and building upon the multi-functionality of periurban agricultural territories},
address = {Montreal, Canada}
}

@article {r06,
author = {Bryant, Christopher Robin and Chahine, Ghalia},
title = {Action research and reducing the vulnerability of peri-urban agriculture: a case study from the Montreal Region},
journal = {Geographical Research},
volume = {54},
number = {2},
issn = {1745-5871},
url = {http://dx.doi.org/10.1111/1745-5871.12119},
doi = {10.1111/1745-5871.12119},
pages = {165--175},
year = {2016},
}

@article {r07,
author = {Bousbaine, Antonia D. and Bryant, Christopher R.},
title = {The Integration of Action Research and Traditional Field Research to Provide Sustainable Solutions to Maintaining Periurban Agriculture},
journal = {Geographical Research},
volume = {54},
number = {2},
issn = {1745-5871},
pages = {176--186},
keywords = {periurban agriculture, sustainable periurban agriculture, action research},
year = {2016},
}

@article{r08,
  title={North American farmland protection strategies in retrospect},
  author={Bryant, CR and Russwurm, LH},
  journal={GeoJournal},
  volume={6},
  number={6},
  pages={501--511},
  year={1982},
  publisher={Springer}
}

@article{r09,
  title={L’agriculture p{\'e}riurbaine l’{\'e}conomie politique d’un espace innovateur},
  author={Bryant, Christopher R},
  journal={Cahiers Agricultures},
  volume={6},
  number={2},
  pages={125--130},
  year={1997}
}

@TechReport{r10,
title = {Les politiques agricoles périurbaines en Ile-de-France : état des lieux et analyses de leurs évolutions},
institution = {Association of Terres en Villes},
year = {2011},
type = {\hl{Please provide the type of report}},
address = {Paris, France},
}

@PhdThesis{r11,
author = {Bousbaine, D A},
title = {Facteurs d’évolutions et de transformations de l’agriculture dans les communes périurbaines de Charleroi, de 1990 à 2010},
school = {Université Libre de Bruxelles, Department of Geography},
year = {2014},
type = {Master Thesis},
address = {Brussels, Belgium}
}

@PhdThesis{r12,
author = {Lebelle, R},
title = {Enquêtes croisées agriculteurs–citoyens menée par Pays de Herve-Futur en 2013 : analyses et pistes d’action},
school = {Haute École Maret, Department of Agronomy},
year = {2014},
type = {Bachelor Thesis},
address = {La Reid, Belgium}
}

@Misc{r13,
title = {Code Wallon de l’agriculture},
year = {2014},
url = {www.agriculture.wallonne.be}
}

@article{r14,
  title={Agriculture et acteurs agricoles dans les mailles des territoires de gouvernance urbaine: nouvelle agriculture, nouveaux m{\'e}tiers?},
  author={Poulot, Monique},
  journal={Espaces et Soci{\'e}t{\'e}s},
  number={3},
  pages={13--30},
  year={2014},
  publisher={ERES}
}

@Misc{r15,
title = {France Agricole},
year = {2010},
url = {www.LaFranceAgricole.fr }
}

@TechReport{r16,
title = {Report 2013},
institution = {FAO (Food and Agriculture Organisation)},
year = {2014},
type = {Annual Report}
}

@Article{r17,
author = {Rouget, N},
title = {La ville et son agriculture; Retour vers le futur},
journal = {Cafégéo de Montpellier},
year = {2014},
url = {http://cafe-geo.net/wp-content/uploads/Affiche-2014-15_v2c-1.pdf},
}

@InProceedings{r18,
author = {Soulard, C and Touzard, I},
title = {Construire une politique agricole et alimentaire métropolitaine. Proposition méthodologique à partir du cas de Montpellier},
booktitle = {Colloque International Valenciennes-La Louvière (France-Belgium) ``Nature des villes, nature des champs : Synergies et controverses''},
year = {23--25 September 2015},
address = {Valenciennes, France}
}

@article{r19,
  title={Nature urbaine en d{\'e}bat: {\`a} quelle demande sociale r{\'e}pond la nature en ville?},
  author={Bourdeau-Lepage, Lise and Vidal, Roland},
  journal={D{\'e}m{\'e}ter},
  volume={2013},
  pages={195--210},
  year={2013}
}

@InBook{r20,
author = {Vidal, R},
title = {Cahier Thématiques n$^{\circ}$ 11},
chapter = {Réconcilier agriculture et paysage. Changer d'agriculture ou changer de regard?},
year = {2012},
publisher = {Ecole nationale supérieure d’architecture et de paysage de Lille},
address = {Villeneuve-d'Ascq, France},
pages = {29--36}
}

@book{r21,
  title={Special Issue: Agriculture urbaine: Am{\'e}nager et nourrir la ville},
  editor={Duchemin, E},
  year={2015},
  publisher={Les {\'e}ditions en environnements VertigO},
  address={Montreal, Canada}
}

@article{r22,
  title={Les trames vertes des villes africaines au service de l’agriculture urbaine?},
  author={Robineau, Oph{\'e}lie and Dugu{\'e}, Patrick and Soulard, Christophe-Toussaint},
  journal={Pour},
  volume={224},
  pages={257--265},
  year={2015},
  publisher={GREP}
}

@article{r23,
  title={Circuits courts alimentaires, dynamiques relationnelles et lutte contre l'exclusion en agriculture},
  author={Chiffoleau, Yuna},
  journal={{\'E}conomie Rurale},
  volume={6},
  pages={88--101},
  year={2013},
  publisher={Soci{\'e}t{\'e} fran{\c{c}}aise d’{\'e}conomie rurale}
}

@techreport{r24,
  title={D{\'e}veloppement durable de l’agriculture urbaine en Afrique francophone},
  author={Smith, Olanrewaju B and Moustier, Paule and Mougeot, Luc J A and Fall, Abdou},
  institution={Centre de Coopération Internationale en Recherche Agronomique (CIRAD) and International Development Research Centre (IDRC)},
  address={Ottawa, Canada},
  year={2004}
}

@Misc{r25,
title = {Au Pays de Herve Futur (Non Profit Organisation)},
year = {2016},
url = {www.aupaysdehervefutur.be}
}

@Inbook{r26,
  title={Resource \& Environmental Management},
  editor={Mitchell, Bruce},
  year={2015},
  publisher={Oxford University Press},
  address={Toronto, Canada},
  chapter={Agriculture and Food},
  author={Bryant, C R},
  pages={\hl{Please provide the page range}}
}

@InProceedings{r27,
author = {Bryant,  C R and Chahine, G and Saymard, E and Poulot, M and Charvet, J-P and Fleury,  A and Vidal, R and Loudiyi, S},
title = {The Direct Contribution of Research to Modifying Spatial Patterns of Local Development: Action Research to Reduce Vulnerabilities and Re-Build Agricultural Activity in the Urban Fringes of Montreal and Paris},
booktitle = {Proceedings of the 40$^{th}$ Conference of the Mid-Continent Regional Science Association and the 31$^{st}$ Annual Conference of the Canadian Association of Regional Science},
year = {28--30 May 2009},
address = {Milwaukie, OR, USA},
pages = {67--78}
}

