@book{r01,
  title={Capital in the twenty-first century},
  author={Piketty, Thomas and Goldhammer, Arthur and Ganser, LJ},
  year={2014},
  publisher={Harvard University Press},
  address={Cambridge, MA, USA}
}

@Article{r02,
author = {Monbiot, George},
title = {The 13 Impossible Crises that Humanity Now Faces},
journal = { The Guardian},
year = {2016},
month = {Nov 25},
url = {https://www.theguardian.com/commentisfree/2016/nov/25/13-crises-we-face-trump-soil-loss-global-collapse}
}

@TechReport{r03,
author = {Raskin, Paul and Tariq Banuri and Gilberto Gallopin and Pablo Gutman and Al Hammond and Robert Kates and Rob Swart},
title = {Great Transition: The Promise and Lure of the Times Ahead},
institution = {Stockholm Environment Institute},
year = {2002},
number = {Polestar Report no. 10},
url = {http://www.sei-international.org/publications?pid=1547},
note = {Updated in the Great Transition Initiative: \url{http://www.greattransition.org} including an instructional video. Also Raskin P. 2016. Journey to Earthland: The Great Transition to Planetary Civilization. Boston, MA, USA: Paul Raskin / Telus Institute}
}

@book{r04,
  title={Selbst denken: eine Anleitung zum Widerstand},
  author={Welzer, Harald},
  year={2013},
  publisher={S. Fischer Verlag},
  address={Frankfurt, Germany}
}

@Book{r05,
author = {Aydurmus, Didem},
title = {Survival despite the people: Democratic destruction or sustainable meritocracy},
publisher = {The Millennium Alliance for Humanity and the Biosphere},
year = {2017},
url = {http://mahb.stanford.edu/wp-content/uploads/2016/12/Didem-Aydurmus-Survival-despite-the-People-Copy-for-Free-Distribution.pdf }
}

@Misc{r06,
title = {One popular post-inauguration protest sign read ``I've seen smarter cabinets at Ikea!''},
url = {http://www.topprotestsigns.com/37/ive_seen_smarter_cabinets_at_ikea}
}

@Article{r07,
title = {the White House for the first time warned about the possibility of large numbers of climate refugees},
journal = {The Guardian},
year = {2016},
OPTmonth = {Dec 1},
note = {https://www.theguardian.com/environment/2016/dec/01/climate-change-trigger-unimaginable-refugee-crisis-senior-military}
}

@Misc{r08,
title = {Major concerns in Fukushima prefecture include the ongoing information blackout, re-contamination through precipitation and runoff, readjustment of safe exposure levels, compulsory misdiagnosis by doctors (who are gagged on radiation issues), collusion between TEPCO and governmental branches, procedural mis-measurement of real exposure levels (e,g, only to 137Cs).and the high tolerance of Japanese society for official corruption: There is no line of critique for Japanese citizens against their government; as soon as someone is elected they are beyond scrutiny (NIRS; Nuclear Information and Resource Service at \url{www.nirs.org}).}
}

@Misc{r09,
title = {A recent blog compared the statistical causes of violent death among Americans. While 737 Americans die annually from falling out of bed, only two die from Islamic jihadists. The number who are shot by other Americans is a staggering 11,737. Available from: \url{http://images.huffingtonpost.com/2016-09-01-1472759565-493250-extreme_extreme_vetting.jpg}}
}

@article{r10,
	doi = {10.12924/johs2015.11010005},
	year = 2015,
	publisher = {Librello},
	volume = {11},
	number = {1},
	author = {Alexander K. Lautensach},
	title = {Sustainable Health for All? The Tension Between Human Security and the Right to Health Care},
	journal = {Journal of Human Security}
}

@article{r11,
	doi = {10.1073/pnas.1410465111},
	year = 2014,
	publisher = {Proceedings of the National Academy of Sciences},
	volume = {111},
	number = {46},
	pages = {16610--16615},
	author = {Corey J. A. Bradshaw and Barry W. Brook},
	title = {Human population reduction is not a quick fix for environmental problems},
	journal = {Proceedings of the National Academy of Sciences}
}

@article{r12,
	doi = {10.1038/ncomms12558},
	year = 2016,
	publisher = {Springer Nature},
	volume = {7},
	pages = {12558},
	author = {Oscar Venter and Eric W. Sanderson and Ainhoa Magrach and James R. Allan and Jutta Beher and Kendall R. Jones and Hugh P. Possingham and William F. Laurance and Peter Wood and Bal{\'{a}}zs M. Fekete and Marc A. Levy and James E. M. Watson},
	title = {Sixteen years of change in the global terrestrial human footprint and implications for biodiversity conservation},
	journal = {Nature Communications}
}