@misc{R1,
note = {The current article is based on the findings of the research project entitled ``Zarządzanie bezpieczeństwem w prawie i polityce azylowej i powrotowej Unii Europejskiej w obliczu kryzysu migracyjnego'' (Security Management in European Asylum and Return Law and Policy with Regard to the Migration Crisis) registered at no. 2016/23/D/ HS5/00404 and funded by the National Science Centre, Poland.}
}

@inbook{R2,
chapter={The Creative Role of the European Council in the Area of Managing Asylum Migration and Return of Third-Country Nationals to Their Country of Origin in the Times of the Migration Crisis. Research on the Content of the EC's Conclusions 2011–2017},
volume={20},
ISSN={1428-1503},
title={Yearbook of Polish European Studies},
author={Kosińska, Anna Magdalena},
year={2017},
pages={101–127},
publisher={Centre for Europe, University of Warsaw}
}

@techreport{R3,
institution={European Union},
title={Treaty on the Functioning of the European Union},
year={2016},
volume={59},
number={C202},
journal={Official Journal of the European Union, C202},
url={https://eur-lex.europa.eu/legal-content/EN/TXT/PDF/?uri=OJ:C:2016:202:FULL\&from=EN}
}

@book{R4,
	doi = {10.1093/he/9780199566754.001.0001},
	year = 2010,
	publisher = {Oxford University Press},
	author = {Hartley, Trevor},
	title = {The Foundations of European Union Law}
}

@inbook{R5,
	doi = {10.1017/cbo9780511984693.003},
	publisher = {Cambridge University Press},
	pages = {31--50},
	author = {Lelieveldt, Herman and Princen, Sebastiaan},
	chapter = {Analysing the {EU}},
	title = {The Politics of the European Union}
}

@book{R6,
	doi = {10.1017/9781107707436},
	year = 2017,
	publisher = {Cambridge University Press},
	author = {Dawson, Mark},
	title = {The Governance of {EU} Fundamental Rights},
	note = {The author also emphasizes that the Fundamental Rights Governance in the EU is based on the principle of exercising the above rights in certain specific political communities. Hence, the key role in the realization of those guarantees is played by the constitutional systems of the Member States.}
}

@book{R7,
publisher={European Asylum Support Office},
title={Annual Report on the Situation of Asylum in the European Union 2015},
year={2016},
doi={10.2847/704455}
}

@techreport{R8,
institution={European Comission},
title={Communication from the Commission to the European Parliament, the Council, the European Economic and Social Committee and the Committee of the Regions. A European Agenda on Migration},
year={2015},
address={Brussels, BE},
number={COM(2015) 240 final},
url={https://ec.europa.eu/anti-trafficking/sites/antitrafficking/files/communication\_on\_the\_european\_agenda\_on\_migration\_en.pdf}
}

@techreport{R9,
title={Council Decision (EU) 2015/1601 of 22 September 2015 establishing provisional measures in the area of international protection for the benefit of Italy and Greece},
institution={European Union},
url={https://eur-lex.europa.eu/legal-content/EN/TXT/PDF/?uri=CELEX:32015D1601\&from=EN},
number={L 248/80}
}

@techreport{R10,
title={Policy Department C: Citizen's Rights and Constitutional Affairs. Internal Border Controls in the Schengen Area: Is Schengen Crisis-Proof, Study for the LIBE Committee},
institution={European Parliament},
year={2016},
url={https://www.europarl.europa.eu/RegData/etudes/STUD/2016/571356/IPOL\_STU\%282016\%29571356\_EN.pdf}
}

@article{R11,
	doi = {10.1163/15718166-12340043},
	year = 2019,
	publisher = {Brill},
	volume = {21},
	number = {1},
	pages = {83--116},
	author = {Kosi{\'{n}}ska, Anna Magdalena and Miko{\l}ajczyk Barbara},
	title = {Does the Right to Migration Security Already Exist? Considerations from the Perspective of the {EU}'s Legal System},
	journal = {European Journal of Migration and Law}
}

@book{R12,
	doi = {10.1093/oxfordhb/9780195337228.013.0001},
	year = 2012,
	publisher = {Oxford University Press},
	author = {Rosenblum, Marc R. and Tichenor, Daniel J.},
	title = {The Oxford Handbook of the Politics of International Migration}
}

@inbook{R13,
	doi = {10.4324/9781315613239},
	year = 2013,
	number = {21},
	author = {El-Enany, N,},
	publisher = {Routledge},
	editor = {Satvinder S. Juss},
	chapter= {The `New Europe' and the `European Refugee': The Subversion of the European Union's Refugee Law by its Migration Policy},
	title = {The Ashgate Research Companion to Migration Law, Theory and Policy},
	pages={3--24}
}

@inbook{R14,
	doi = {10.1093/acprof:oso/9780199669394.003.0017},
	year = 2013,
	publisher = {Oxford University Press},
	pages = {291--306},
	author = {Bowling, Ben},
	chapter = {Epilogue: The Borders of Punishment: Towards a Criminology of Mobility},
	title = {The Borders of Punishment}
}

@book{R15,
	doi = {10.1093/acprof:osobl/9780199731732.001.0001},
	year = 2011,
	publisher = {Oxford University Press},
	author = {Heath Wellman, Christopher and Cole, Phillip},
	title = {Debating the Ethics of Immigration}
}

@book{R16,
	doi = {10.1057/9780230391291},
	year = 2013,
	publisher = {Palgrave Macmillan {UK}},
	author = {Vigneswaran, Darshan},
	title = {Territory, Migration and the Evolution of the International System},
	note = {The author also points out to a very interesting term ``territoriality'', which is defined as ``strategies that affect, influence or control people, phenomena and relationships, by delimiting and asserting control over a geographic area''.}
}

@inbook{R17,
	doi = {10.1017/cbo9781139924795.011},
	publisher = {Cambridge University Press},
	pages = {235--259},
	author = {Stevens, Dallal},
	year ={2018},
	editor = {Ferreira, Nuno and Kostakopoulou, Dora},
	chapter = {The Humaneness of {EU} Asylum Law and Policy},
	title = {The Human Face of the European Union}
}

@book{R18,
	doi = {10.4159/9780674969827},
	year = 2018,
	publisher = {Harvard University Press},
	author = {Miller, David},
	title = {Strangers in Our Midst}
}

@inbook{R19,
	url = {https://odysseus-network.eu/from-tampere-20-to-tampere-2-0-towards-a-new-european-consensus-on-migration/},
	year = {2019},
	author = {de Bruycker, Ph},
	editor = {de Bruycker, Ph and de Somer, M},
	chapter = {Elements for a New European Consensus on Migration and Asylum},
	title = {Towards a New European Consensus on Migration},
	pages={145-159}
}

@misc{R20,
note = {The author also adds the following: common funding and common positioning towards third countries}
}

@book{R21,
title={The Refugee in International Society: Between Sovereigns},
DOI={10.1017/CBO9780511491351}, 
publisher={Cambridge University Press}, 
author={Haddad, Emma}, 
year={2008}
}

@article{R22,
title={Justice and Authority in Immigration Law}, 
url={https://www.bloomsburyprofessional.com/uk/justice-and-authority-in-immigration-law-9781509915446/},
year={2017},
journal={Bloomsbury Publishing},
author={Grey, Colin}
}

@article{R23,
title={Prawa kulturalne obywateli państw trzecich w prawie Unii Europejskiej},
url={https://books-box.com/katalog/wydawnictwo-kul-katolickiego-uniwersytetu-lubelskiego/prawa-kulturalne-obywateli-panstw-trzecich-w-prawie-unii-europejskiej}, 
note={As the author explains: ``The living together principle, which the European Court of Human Rights referred to in a famous ruling in the case of S.A.S., presumes a restriction of the rights of an individual as an element of protection of the rights and freedoms of others, facilitating a harmonious social co-existence within the framework of civil society''},
author={Kosińska, Anna Magdalena},
year={2018}
}

@inbook{R24,
	doi = {10.1017/s0008197316000568},
	year = 2016,
	publisher = {Cambridge University Press ({CUP})},
	volume = {75},
	number = {3},
	pages = {580--607},
	author = {Trispiotis, Ilias},
	title = {European Human Rights Law},
	chapter = {Two Interpretations of ``Living Together''},
	journal = {The Cambridge Law Journal}
}

@techreport{R25,
title={Judgement of the European Court of Human Rights of 1 July 2014 in the case of S.A.S. v. France, complaint no. 43835/11},
institution={European Court of Human Rights},
address={Strasbourg, France},
year={2014},
url={http://hudoc.echr.coe.int/eng?i=001-145466}
}

@book{R26,
title={The Ethics of Immigration}, 
publisher={Oxford University Press}, 
author={Carens, Joseph}, 
year={2013}
}

@article{R27,
chapter={Impossibilities of Social Citizenship: On the Statelessness of Migrants},
  	author={Pajnik, Mojca},
 	book={Security, Insecurity and Migration in Europe},
 	pages={239–257},
  	year={2016},
  	publisher={Routledge}
}

@inbook{R28,
	doi = {10.1515/9789048517275-002},
	year = 2012,
	publisher = {Amsterdam University Press},
	pages = {23--44},
	author = {Marek Ok{\'{o}}lski},
	chapter = {Transition from Emigration to Immigration},
	title = {European Immigrations}
}

@article{R29,
title={Współczesne metody badania prawa - Barankiewicz Tomasz | Polona}, 
url={https://polona.pl/item/wspolczesne-metody-badania-prawa,MjE3NjMzNzA/}, 
author={Barankiewicz, Tomasz},
journal={Studia Prawnicze KUL},
year={2010},
volume={41},
number={1}
}

@article{R30,
title={Decreto-legge 4 ottobre 2018, n. 113, Disposizioni urgenti in materia di protezione internazionale e immigrazione, sicurezza pubblica, nonche' misure per la funzionalita' del Ministero dell'interno e l'organizzazione e il funzionamento dell'Agenzia nazionale per l'amministrazione e la destinazione dei beni sequestrati e confiscati alla criminalita' organizzata}.
journal={Gazzetta Ufficiale della Repubblica Italiana},
month={Oct 4},
year={2018},
url={https://www.gazzettaufficiale.it/eli/id/2018/10/04/18G00140/sg}
}

@techreport{R31,
title={Legge 1 dicembre 2018, n. 132, Conversione in legge, con modificazioni, del decreto-legge 4 ottobre 2018, n. 113, recante disposizioni urgenti in materia di protezione internazionale e immigrazione, sicurezza pubblica, nonche' misure per la funzionalita' del Ministero dell'interno e l'organizzazione e il funzionamento dell'Agenzia nazionale per l'amministrazione e la destinazione dei beni sequestrati e confiscati alla criminalita' organizzata. Delega al Governo in materia di riordino dei ruoli e delle carriere del personale delle Forze di polizia e delle Forze armate}.
note={Entrata in vigore del provvedimento: 04/12/2018.},
journal={Gazzetta Ufficiale della Repubblica Italiana},
month={Dec 3},
year={2018},
url={https://www.gazzettaufficiale.it/eli/id/2018/12/03/18G00161/sg}
}

@misc{R32,
note={See, for instance: \url{https://www.theguardian.com/world/2015/jun/13/lega-nord-migrants-rome-stand-off-luca-zaia}}
}

@techreport{R33,
title={I problemi della `sicurezza': l'impatto psicologico e psicosociale della legge 132/2018; Documento della Associazione Italiana di Psicologia},
institution={Associazione Italiana di Psicologia; Associazione per gli Studi Giuridici sull’Immigrazione},
year={2019},
note={The doubts concerning the adopted solutions and the treatment of migrants as, per se (a priori) threats to the security of the state were expressed by, among others},
url={http://www.asgi.it/wp-content/uploads/2019/04/2019_AIP_psicologia_immigrazione.pdf}
}

@article{R34,
author={Benvenuti, M.},
title={Il dito e la luna. La protezione delle esigenze di carattere umanitario degli stranieri prima e dopo il decreto Salvini},
journal={Diritto, Immigrazione e Cittadinanza},
number={1},
year={2019},
url={https://www.dirittoimmigrazionecittadinanza.it/archivio-saggi-commenti/saggi/fascicolo-n-1-2019-1/345-il-dito-e-la-luna-la-protezione-delle-esigenze-di-carattere-umanitario-degli-stranieri-prima-e-dopo-il-decreto-salvini/file}
}

@article{R35,
author={Loprieno, D},
title={Il trattenimento dello straniero alla luce della l. n. 132 del 2018},
journal={Diritto, Immigrazione e Cittadinanza},
number={1},
year={2019},
url={https://www.dirittoimmigrazionecittadinanza.it/archivio-saggi-commenti/saggi/fascicolo-n-1-2019-1/337-il-trattenimento-dello-straniero-alla-luce-della-l-n-132-del-2018}
}

@misc{R36,
note={The doubts concerning the compatibility of such solutions with fundamental rights guaranteed in the EU were expressed by the European Fundamental Rights Agency (FRA).}
}

@book{R37,
publisher={European Union Agency for Fundamental Rights (FRA)},
title={Beyond the Peak: Challenges Remain, but Migration Numbers Drop. Access to Asylum. Asylum, Migration and Borders. Annual Review},
year={2019},
doi={10.2811/069603}
}

@techreport{R38,
note={The same was also expressed by Italian NGOs – among others, Societa Psicoanalitica Italiana – a petition against the decree was signed by 600 psychoanalysts.},
institution={Società Psicoanalitica Italiana},
title={Vita, febbraio 2019. Seicento psicoanalisti scrivono a Mattarella contro il Decreto Sicurezza},
year={2019}
}

@misc{R39,
note={In Germany, the idea of granting ``permits on humanitarian grounds'' is close to the one which functioned before the adoption of the Salvini decree},
title={Migration and Home Affairs. Humanitarian Protection. European Commission.},
url={https://ec.europa.eu/home-affairs/pages/glossary/humanitarian-protection_en}
}

@misc{R40,
note={What is interesting, the objection of non-constitutionality concerns legal changes facilitating the revocation of Italian nationality in the case of committing terrorist offences, which, in the opinion of C. Corsi, leads to the breach of the constitutional principle of equality of citizens and the introduction of the new status civile. It remains an open question in the discussion whether the changes adopted in Italy are meant to counteract the return of militants.}
}

@article{R41,
title={Evaluating the ``Salvini Decree'': Doubts of Constitutional Legitimacy}, 
doi={10.2870/199546}, 
author={Corsi, C.},
year={2019},
journal={Policy Briefs},
publisher={European University Institute},
number={6}
}

@article{R42,
note={In accordance with Art. 10 of the Constitution of the Italian Republic: ``The Italian legal system conforms to the generally recognized principles of international law. The legal status of foreigners is regulated by law in conformity with international provisions and treaties''.},
title={Constituzione della Repubblica Italiana},
journal={Gazzetta Ufficiale della Repubblica Italiana},
number={298},
year={1947},
url={https://www.gazzettaufficiale.it/anteprima/codici/costituzione}
}

@article{R43,
author={Forsythe, D. P.},
title={Humanitarian Protection: The International Committee of the Red Cross and the United Nations High Commissioner for Refugees},
publisher={Immigration, Refugees and Citizenship Canada},
volume={83},
number={843},
year={2001},
pages={675--697},
url={https://www.icrc.org/en/doc/assets/files/other/675\_698\_forsythe.pdf}
}

@misc{R44,
note={See, for instance: Judgement of the ECtHR of 15.12.2016 in the case of Khlaiffia and Others v. Italy, application no. 16483/12, Judgement of the ECtHR of 16.11.2016, Hirsii Jamaa and Others v. Italy, application no. 27765/09}
}

@techreport{R45,
title={Non-refoulement as a Principle of International Law and the Role of the Judiciary in its Implementation, Dialogue between judges 2017, Council of Europe 2017},
institution={European Court of Human Rights},
year={2017},
url={www.echr.coe.int}
}

@misc{R46,
note={It concerns the reintroduction of the maximum period of detention, which in accordance with the EU law lasts 180 days, in place of the 90-day pre-removal detention period established in 2012}
}

@techreport{R47,
title={Italy Immigration Detention Profile, January 2018, 6.},
institution={Global Detention Project},
url={https://www.globaldetentionproject.org/}
}

@misc{R48,
note={What is significant, the report states that ``According to the Senate Extraordinary Commission for the Promotion of Human Rights, the average detention period in Italy's long-term detention centers during 2015 was 25.5 days.'' (p. 7). In view of the above, it is even more difficult to understand the reversal of the positively-regarded reform of the Turco-Napolitano Act.}
}

@techreport{R49,
title={Case of Tarakhel v. Switzerland},
institution={European Court of Human Rights},
year={2014},
number={29217/12},
url={https://www.asylumlawdatabase.eu/en/content/ecthr-tarakhel-v-switzerland-application-no-2921712}
}

@techreport{R50,
title={Country Report Italy, Asylum Information Database (AIDA), FRA, Italy 2018},
institution={Asylum Information Database (AIDA)},
year={2018},
url={https://www.asylumineurope.org/reports/country/italy}
}

@article{R51,
title={Decreto-legge 14 giugno 2019, n. 53. Disposizioni urgenti in materia di ordine e sicurezza pubblica. (19G00063) (GU n.138 del 14-6-2019)},
journal={Gazzetta Ufficiale della Repubblica Italiana},
year={2019},
url={https://www.gazzettaufficiale.it/eli/id/2019/06/14/19G00063/sg}
}

@article{R52,
title={Legge 8 agosto 2019, n. 77. Conversione in legge, con modificazioni, del decreto-legge 14 giugno 2019, n. 53, recante disposizioni urgenti in materia di ordine e sicurezza pubblica. (19G00089) (GU Serie Generale n.186 del 09-08-2019)},
journal={Gazzetta Ufficiale della Repubblica Italiana},
year={2019},
url={https://www.gazzettaufficiale.it/eli/id/2019/08/09/19G00089/sg}
}

@article{R53,
title={Il DL. n. 53/2019, convertito, con modificazioni, nella L. n. 77 /2019 Analisi critica del c.d. ``Decreto sicurezza bis'' relativamente alle disposizioni inerenti il diritto dell'immigrazione, 13 settembre 2019},
journal={Assocciazione per gli Studi Guridici sul’ Immigrazione (ASGI)},
year={2019},
url={https://www.asgi.it/notizie/decreto-sicurezza-bis-lanalisi-dellasgi/}
}

@article{R54,
title={Ministero degli affari esteri e della cooperazione internazionale. Decreto 4 ottobre 2019. Individuazione dei Paesi di origine sicuri, ai sensi dell'articolo 2-bis del decreto legislativo 28 gennaio 2008, n. 25. (19A06239) (GU Serie Generale n.235 del 07-10-2019)},
journal={Gazzetta Ufficiale della Repubblica Italiana},
year={2019},
url={https://www.gazzettaufficiale.it/eli/id/2019/10/07/19A06239/sg}
}

@article{R55,
title={Nota di commento del decreto del ministro degli affari esteri e della cooperazione internazionale 4 ottobre 2019 sull'elenco dei paesi di origine sicuri (27 Novembre 2019)},
journal={Assocciazione per gli Studi Guridici sul' Immigrazione (ASGI)},
year={2019},
url={http://www.asgi.it/wp-content/uploads/2019/11/Nota-ASGI-commento-d.M.A.E.-4-10-2019-
paesi-sicuri-definitivo-27-11-2019.docx.pdf}
}

@techreport{R56,
title={Migration: Key Fundamental Rights Concerns, FRA, 1.04.2019-30.06.2019},
number={4},
institution={European Union Agency for Fundamental Rights (FRA)},
url={www.fra.europa.eu},
year={2019}
}

@article{R57,
title={`We can do this!'---Merkel's Famous Words Five Years on after Refugee Influx to Germany},
journal={Made for Minds},
url={https://www.dw.com/en/merkel-germany-refugees/a-54769229},
year={2021}
}

@article{R58,
title={Migration, Asylum and Refugees in Germany:
Understanding the Data},
institution={Global Migration Data Analysis Centre},
journal={Data Briefing Series},
number={1},
year={2016},
url={https://www.iom.int/sites/default/files/country/docs/Germany/Germany-Data-Briefing-1Jan2016.pdf}
}

@misc{R59,
title={Bundesministerium des Innern, für Bau und Heimat},
year={2019},
url={https://www.bmi.bund.de/SharedDocs/pressemitteilungen/DE/2019/08/geg-geordnete-rueckkehr-gesetz.html},
}

@misc{R60,
note={The circumstances which do not constitute an excessive burden on the foreign national are believed to be, in accordance with paragraph 60(3), the following: cooperation in the issuing and extending of the validity of the passport in accordance with the regulations of the German passport law, personal appearance before the agencies of the country of origin; submitting a statement, before the agencies of the country of origin, on voluntary leaving the federal territory; pay all the fees as defined in the country of origin and applicable under official institutional activities regarding the issuing of a passport; submit another application for a new passport or a document replacing the passport.}
}

@misc{R61,
note={In accordance with par. 62(3): By the order of the court, a foreigner is placed in custody (preventive custody) in order to safeguard the possibility of expelling him from the country, if: \\ 1. there is a risk that he/she may abscond, \\ 2. on the grounds of unlawful entry into the country the foreigner is obliged to leave its territory in a feasible way or \\ 3. an order was issued to expel a foreigner from the country in accordance with $\S$ 58a, which, however, cannot be executed with immediate effect''}
}

@misc{R62,
note={Such official detention may take place when: \\ 1. there is a high probability that there exist the reasons defined in paragraph 1(1); \\ 2. there is no possibility of obtaining a court ruling on the matter of ordering a detention with a view to expelling the foreigner from the country in the understanding of paragraph 1, and \\ 3. There is a justified reason to believe that the foreigner will avoid the execution of the order to detain him with a view of expelling him/her from the country''.}
}

@article{R63,
title={Drittes Gesetz zur Änderung des Asylbewerberleistungsgesetzes},
volume={18},
number={BGBl. I 2019 no. 31S.1290},
year={2019},
journal={Bundesanzeiger Verlag},
url={https://www.bgbl.de/xaver/bgbl/start.xav\#\_\_bgbl\_\_\%2F\%2F*\%5B\%40attr_id\%3D\%27bgbl119s1290.pdf\%27\%5D\_\_1584310711114}
}

@article{R64,
title={Zweites Gesetz zur Verbesserung der Registrierung und des Datenaustausches zu aufenthalts- und asylrechtlichen Zwecken (Zweites Datenaustauschverbesserungsgesetz - 2. DAVG)},
volume={4},
number={BGBl. I 2019 no. 29 S. 1131},
year={2019},
journal={Bundesanzeiger Verlag},
url={https://www.bgbl.de/xaver/bgbl/start.xav\#\_\_bgbl\_\_\%2F\%2F*\%5B\%40attr\_id\%3D\%27bgbl119s1290.pdf\%27\%5D\_\_1584316059056}
}

@article{R65,
title={Verordnung zur Änderung der Verordnung zum Integrationsgesetz und Beschäftigungsverordnung},
volume={22},
number={BGBl. I 2019 no. 28 S. 1109},
year={2019},
journal={Bundesanzeiger Verlag},
url={https://www.bgbl.de/xaver/bgbl/start.xav\#\_\_bgbl\_\_\%2F\%2F*\%5B\%40attr\_id\%3D\%27bgbl119s1109.pdf\%27\%5D\_\_1565356605528}
}

@misc{R66,
note={As the European Agency for Fundamental Rights observes, the act ``abolishes the so-called `priority check' (Vorrangpr{\"u}fung), previously required before granting an employment permit to asylum applicants who have resided in Germany for three months or longer. The priority check assessed whether a German national would be available for the job before it was offered to an asylum applicant''}
}

@techreport{R67,
title={Migration: Key Fundamental Rights Concerns, FRA, 1.07.2019-30.09.2019},
number={8},
institution={European Union Agency for Fundamental Rights (FRA)},
url={www.fra.europa.eu},
year={2019}
}

@misc{R68,
note={Act on Foreigners of December 12, 2013, Journal of Laws 2020.35; Act on granting protection to foreigners within the territory of the Republic of Poland of June 13, 2003, Journal of Laws 2019.1666. With regard to the issues related to migration security, Art. 144a was added to the Act on foreigners in 2019 which allows the Minister competent for internal affairs to issue decisions on the prohibition of enrolling a foreigner to a higher education course when ``it is required for the reasons of defence or the security of the country or for safeguarding the security of the state and public order'' (Art. 144a(1)(1)).}
}

@misc{R69,
note={See Art. 39(1)(3-5) of the Act on granting protection to foreigners on the territory of the Republic of Poland.}
}

@misc{R70,
note={See: Judgment of the Court, 31 January 2013, H. I. D. and B. A. v Refugee Applications Commissioner and Others, C 175/11, ECLI:EU:C:2013:45.}
}

@techreport{R71,
title={Tribunale di Genova, Sezione XI Civile, Decreto n. cronologico 96/2020, 10.01.2020},
year={2020},
institution={European Database of Asylum Law},
url={https://www.asylumlawdatabase.eu/en/content/italy-well-founded-risk-inhuman-treatment-case-return-nigeria}
}

@article{R72,
title={Protezione sussidiaria a richiedente asilo nigeriana: il racconto presenta fortissimi indicatori che portano a ritenere che la stessa - benché non lo dichiari apertamente - sia stata vittima di tratta},
publisher={Progetto Melting Pot Europa},
year={2020},
url={https://www.meltingpot.org/Protezione-sussidiaria-a-richiedente-asilo-nigeriana-il.html\#.Xzr3Cadxc2z}
}

@techreport{R73,
title={La Corte di Appello di Bologna. Prima Sezione Civile, Sentenza n. 192/2020 pubbl. il 14/01/2020RG},
year={2020},
institution={Repubblica Italiana},
url={https://www.meltingpot.org/IMG/pdf/corte\_appello\_bo_sent.\_192\_del\_14.01.2020\_ucraina\_\_integrazione\_legami\_familiari\_in\_italia\_umanitaria.pdf}
}

@techreport{R74,
title={Italy: Recognition of Humanitarian Protection due to the Deterioration of the Quality of Life in Ukraine},
institution={European Database of Asylum Law},
year={2020},
url={https://www.asylumlawdatabase.eu/en/content/italy-recognition-humanitarian-protection-due-deterioration-quality-life-ukraine}
}

@techreport{R75,
title={Italy – Administrative Tribunal Declares Decision to Withdraw Reception Provisions Unlawful},
institution={European Database of Asylum Law},
year={2018},
url={https://www.asylumlawdatabase.eu/en/content/italy-\%E2\%80\%93-administrative-tribunal-declares-decision-withdraw-reception-provisions-unlawful}
}

@techreport{R76,
title={Italy: Recognition of the Right to Enter as Compensation for Illegitimate Collective Expulsions to Libya by the Italian Coast Guard in 2009},
institution={European Database of Asylum Law},
year={2019},
url={https://www.asylumlawdatabase.eu/en/content/italy-recognition-right-enter-compensation-illegitimate-collective-expulsions-libya-italian}
}

@article{R77,
title={Italy-Libya Connection},
journal={Human Rights Watch},
year={2009},
month={Sep 23},
url={https://www.hrw.org/news/2009/09/23/italy-libya-connection}
}

@techreport{R78,
title={Libya: Renewal of Migration Deal Confirms Italy's Complicity in Torture of Migrants and Refugees},
institution={Amnesty International},
year={2020},
url={https://www.amnesty.org/en/latest/news/2020/01/libya-renewal-of-migration-deal-confirms-italys-complicity-in-torture-of-migrants-and-refugees/}
}

@techreport{R79,
title={Commissioner Calls on the Italian Government to Suspend the Co-operation Activities in Place with the Libyan Coast Guard that Impact on the Return of Persons Intercepted at Sea to Libya},
institution={Council of Europe},
year={2020},
url={https://www.coe.int/en/web/commissioner/-/ommissioner-calls-on-the-italian-government-to-suspend-the-co-operation-activities-in-place-with-the-libyan-coast-guard-that-impact-on-the-return-of-p}
}	

@misc{R80,
note={Judgement of the CJEU of 21.04.2017 in the case of X and X v. Etat belge, C 638/16 PPU, ECLI:EU:C:2017:173}
}

@techreport{R81,
title={Migrant Integration not Enough for Stay Permit - Court},
institution={ANSA, Latest News},
year={2019},
url={https://www.ansa.it/english/news/2019/11/13/migrant-integration-not-enough-for-stay-permit-court\_c7e0d4ae-72cb-496d-a472-bea3bae7c7f3.html}
}

@misc{R82,
title={Humanitarian Protection, EMN Glossary},
url={https://ec.europa.eu/home-affairs/what-wedo/networks/european_migration_network/glossary\_search/humanitarian-protection\_en}
}

@article{R83,
title={Positive Premises to Grant the Residence Permit for Humanitarian Reasons},
journal={Urząd do Spraw Cudzoziemców},
year={2020},
url={https://udsc.gov.pl/en/cudzoziemcy/obywatele-panstw-trzecich/zobowiazanie-do-powrotu/przeslanki-negatywne-zobowiazania-cudzoziemca-do-powrotu/zgoda-na-pobyt-ze-wzgledow-humanitarnych/przeslanki-pozytywne-do-udzielenia-zgody-na-pobyt-ze-wzgledow-humanitarnych/}
}

@article{R84,
title={La sentenza di Corte Suprema do Cassazione n. 29460/2019},
journal={Associazione per gli Studi Giuridici sull'Immigrazione (ASGI)},
year={2019},
month={Sep 24},
url={https://www.asgi.it/asilo-eprotezione-internazionale/cassazione-decreto-sicurezza/}
}

@article{R85,
title={Corte di Cassazione, ordinanza n. 24388},
year={2019},
month={Sep 30},
journal={European Database of Asylum Law},
url={https://www.asylumlawdatabase.eu/en/content/italy-court-must-provide-details-preliminary-assessment-real-risk-present-countries-origin}
}

@article{R86,
title={Sentenza di Corte Surema di Cassazione, causa 164/2018},
year={2018},
month={Jan 5},
journal={European Database of Asylum Law},
url={https://www.asylumlawdatabase.eu/en/content/italy-court-cassation-clarifies-scope-right-legal-aid-\%E2\%80\%9Cirregular-migrants\%E2\%80\%9D}
}

@article{R87,
title={Decision of the ECHR in Case Rackete and Others v. Italy, application no. 32969/19},
publisher={European Court of Human Rights},
url={https://www.hudoc.echr.coe.int},
note={The Court decides not to indicate an interim measure requiring that the applicants be authorized to disembark in Italy from the ship Sea-Watch 3},
}

@article{R88,
title={Italy: Preliminary Judge of the Court of Agrigento clears Sea Watch 3 Captain of Charges},
year={2019},
journal={European Database of Asylum Law},
url={https://www.asylumlawdatabase.eu/en/content/italy-preliminary-judge-court-agrigento-clears-sea-watch-3-captain-charges},
}

@misc{R89,
note={Decreto Legislativo 25 luglio 1998, n. 286, Testo unico delle disposizioni concernenti la disciplina dell'immigrazione e norme sulla condizione dello straniero, pubblicato nella Gazzetta Ufficiale n. 191 del 18 agosto 1998 - Supplemento Ordinario n. 139. In accordance with Art. 10(4): ``Le disposizioni dei commi 1, 2 e 3 e quelle dell'articolo 4, commi 3 e 6, non si applicano nei casi previsti dalle disposizioni vigenti che disciplinano l'asilo politico, il riconoscimento dello status di rifugiato, ovvero l'adozione di misure di protezione temporanea per motivi umanitari'' (The provisions laid down in paragraphs 1, 2 and 3 and those of Art. 4(3)(6) are not applicable in the situations laid down in the existing regulations, which govern the issues related to political asylum, the granting of refugee status or the adoption of interim measures for humanitarian reasons)},
url={https://www.camera.it/parlam/leggi/deleghe/98286dl.htm}
}

@article{R90,
title={Regulation (EU) no. 604/2013 of the European Parliament and of the Council of June 26, 2013 Establishing the Criteria and Mechanisms for Determining the Member State Responsible for Examining an Application for International Protection Lodged in one of the Member States by a Third-country National or a Stateless Person},
journal={Official Journal of the European Union},
number={L 180/31},
year={2013},
url={https://eur-lex.europa.eu/legal-content/EN/TXT/PDF/?uri=CELEX:32013R0604&from=EN}
}

@article{R91,
title={Judgement of the Higher Administrative Court of Düsseldorf, 8.05.2018, Case 8L5135/17A. Germany: Administrative Court of Dusseldorf quashes transfer of Syrian family to Romania},
publisher={European Database of Asylum Law},
year={2018},
url={https://www.asylumlawdatabase.eu/en/content/germany-administrative-court-dusseldorf-quashes-transfer-syrian-family-romania}
}

@misc{R92,
note={Judgement of the European Court of Human Rights of 4.11.2014 r. in the case of Tarakhel v. Switzerland, Complaint no. 29217/12.}
}

@article{R93,
title={Judgement of the Federal Administrative Court of Germany},
publisher={European Database of Asylum Law},
year={2018},
month={Aug 20},
url={https://www.asylumlawdatabase.eu/en/content/germany-federal-administrative-court-rejects-bamf-appeal-regarding-returns-refugees-bulgaria}
}

@article{R94,
title={Judgement of the Augsburg Administrative Court},
publisher={European Database of Asylum Law},
year={2018},
month={Nov 2},
url={https://www.asylumlawdatabase.eu/en/content/germany-\%E2\%80\%93-augsburg-administrative-court-rules-case-dublin-transfer-pregnant-asylum-seeker}
}

@article{R95,
title={Judgement of the Administrative Court of Magdeburg},
publisher={European Database of Asylum Law},
year={2018},
month={Nov 13},
url={https://www.asylumlawdatabase.eu/en/content/germany-\%E2\%80\%93-magdeburg-court-suspends-return-beneficiary-international-protection-greece}
}

@article{R96,
title={Judgement of the Administrative Court of Munich},
publisher={European Database of Asylum Law},
year={2019},
month={Aug 8},
url={https://www.asylumlawdatabase.eu/en/content/germany-administrative-court-munich-rules-against-provisional-return-syrian-applicant-greece}
}


@article{R97,
title={Germany – Regensburg Administrative Court Rules on Absconding and time limits for Dublin Transfers},
publisher={European Database of Asylum Law},
year={2019},
url={https://www.asylumlawdatabase.eu/en/content/germany-%E2%80%93-regensburg-administrative-court-rules-absconding-and-time-limits-dublin-transfers},
note={Moving further, the administrative court of Regensburg in its judgement of 9 January 2019 provided interpretation of Art. 29(2) of the Dublin Regulation III}
}

@article{R98,
title={Judgement of the Berlin Administrative Court},
publisher={European Database of Asylum Law},
year={2018},
month={Sep 4},
url={https://www.asylumlawdatabase.eu/en/content/germany-\%E2\%80\%93-berlin-administrative-court-rules-possibility-family-reunification-during-minor\%E2\%80\%99s}
}

@article{R99,
title={Judgement of the Munster Administrative Court},
publisher={European Database of Asylum Law},
year={2018},
month={Dec 22},
url={https://www.asylumlawdatabase.eu/en/content/germany-\%E2\%80\%93-m\%C3\%BCnster-administrative-courtobliged-german-asylum-authorities-accept-delayed-take}
}

@misc{R100,
note={Judgement of the Court of 13.11.2018 in the case of X and X v. Staatssecretaris van Veiligheid en Justitie, joined cases C 47/17 and C 48/17, ECLI:EU:C:2018:900}
}

@article{R101,
title={Act of 14 June 1960 Code of Administrative Procedure},
journal={Journal of Laws},
year={1960},
number={30},
url={http://www.parliament.am/library/varchakaniravaxaxtum19/lehastan.pdf}
}

@article{R102,
title={Dostęp do procedury azylowej na zewnętrznych granicach Polski Stan obecny i wyzwania na przyszłość},
author={Białas, J. and Górczyńska, M. and Witko, D.},
publisher={Warszawa: The Helsinki Foundation for Human Rights},
year={2019},
url={www.hfhr.pl}
}

@misc{R103,
note={Art. 28 of the Act on foreigners concerns the refusal of entry into the territory of the Republic of Poland to a foreigner. In accordance with its paragraph 2(2), a decision refusing entry is not issued with regard to a foreigner, when he/she: \\ a) declared an intention to submit an application for international protection in cases laid down in Art. 28(1) or Art. 6(1) of the Act of 13 June 2003 on granting protection to foreigners on the territory of the Republic of Poland \\ b) submitted an application for international protection (...)}
}

@article{R104,
title={Judgement of the Supreme Administrative Court, Ref. no. II OSK 345/18},
publisher={Centralna Baza Orzeczeń Sądów Administracyjnych},
year={2018},
month={Sep 20},
url={http://orzeczenia.nsa.gov.pl/doc/6422D006AE}
}

@misc{R105,
note={Judgement of the Supreme Administrative Court of 20.09.2020, Ref. no. OSK 445/18. In accordance with the reasoning of the court: ``As a rule, the statements of the person submitting a cassation complaint should be given credit, to the effect that such significant activities as questioning or interviewing a foreigner on the border should take place in the presence of his/her legal representative, if such had been appointed. However, the specificity of the proceedings requires assuming that such an obligation exists on the side of the administration only when the legal representative had already been appointed and is present at the moment of crossing the border, whereas the appointing of a legal representative does not have to entail the submission of the authorization documents''.}
}

@techreport{R106,
title={Application no. 51246/17, D.A. and Others against Poland lodged on 20 July 2017},
institution={European Court of Human Rights},
year={2017},
url={http://hudoc.echr.coe.int/eng?i=001-177298}
}

@techreport{R107,
title={Application no. 51246/17, D.A. and Others against Poland lodged on 20 July 2017},
institution={European Court of Human Rights},
year={2017},
url={http://hudoc.echr.coe.int/eng?i=001-176484}
}

@article{R108,
title={A Visit to the Railway Border Crossing in Terespol},
journal={Rzecznik Praw Obywatelskich},
year={2019},
url={https://bip.brpo.gov.pl/pl/content/wizytacja-kolejowego-przejscia-granicznego-w-terespolu-wrzesien-2019}
}

@article{R109,
title={Act of July 15, 1987 on the Ombudsman},
journal={Journal of Laws 2020.627 of 2020.04.08},
note={see: Art. 13 and the following.}
}

@misc{R110,
note={Judgement of the Supreme Administrative Court of 18.12.2019, Ref. no. OSK 2219/19}
}

@misc{R111,
title={Rzecznik Praw Obywatelskich},
url={https://www.rpo.gov.pl/pl/content/nsa-uwzglednil-argumenty-rpo-w-sprawie-nieprzyznania-ochronymiedzynarodowej-obywatelowi-rosji/}
}

@misc{R112,
note={Judgement of the Supreme Administrative Court of 19.09.2019, Ref. no. OSK 1849/19}
}

@misc{R113,
note={Judgement of the European Court of Human Rights of 10 April 2018 in the case of Bistieva and others v. Poland, application no. 75157/14}
}

@misc{R114,
title={Helsińska Fundacja Praw Człowieka},
url={https://www.hfhr.pl/detencja-dzieci-cudzoziemcow-w-polsc.ehfpc-kieruje-wystapienie-do-specjalnego-sprawozdawcy-onz/}
}