R@misc{R1,
 note = {As we explain later, we distinguish between the paradigm \textit{Human Security} (HS) and \textit{the security of humans} (human security) in this article.}
}

@article{R2,
author = {Burgess, J Peter and Owen, Taylor},
title = {{Editors' Note}},
doi = {10.1177/0967010604047569},
journal = {Security Dialogue},
year = {2004},
volume = {35},
number = {3},
pages = {345--371}
}

@article{R3,
author = {Hoogensen Gj{\o}rv, Gunhild and Stuv{\o}y, Kirsti},
title = {{Gender, Resistance and Human Security}},
doi = {10.1177/0967010606066436},
journal = {Security Dialogue},
year = {2006},
volume = {37},
number = {2},
pages = {207--228}
}

@article{R4,
author = {Marhia, Natasha},
title = {{Some Humans Are More Human than Others: Troubling the ``Human'' in Human Security From a Critical Feminist Perspective}},
doi = {10.1177/0967010612470293},
journal = {Security Dialogue},
year = {2013},
volume = {44},
number = {1},
pages = {19--35}
}

@book{R5,
author = {Petticrew, Mark and Roberts, Helen},
title = {{Systematic Reviews in the Social Sciences: A Practical Guide}},
publisher = {Blackwell Publishing},
year = {2006}
}

@misc{R6,
 note = {Specific questions that guided the various categories of the systematic literature review include: (a) How do these studies define HS?, (b) Are any critical notes placed alongside Human Security?, (c) How do these studies define gender?, (d) Which feminist studies subcategories do these studies draw on?, (e) Which gender definitions draw on which feminist studies subcategories?, (f) Which gendered HS approach do these HS definitions draw on?, and (g) Which gendered HS approach do these feminist studies subcategories draw on?}
}

@techreport{R7,
institution = {{United Nations Development Programme (UNDP)}},
address = {New York, NY, USA},
title = {{Human Development Report 1994}},
url = {http://hdr.undp.org/sites/default/files/reports/255/hdr\_1994\_en\_complete\_nostats.pdf},
year = {1994}
}

@misc{R8,
note = {During the first search, 404 sources were identified. An additional 25 sources were identified during the second search.}
}

@techreport{R9,
author = {Alkire, Sabine},
title = {{A Conceptual Framework for Human Security}},
url = {https://citeseerx.ist.psu.edu/viewdoc/download?doi=10.1.1.580.2805\&rep=rep1\&type=pdf},
institution = {Centre for Research on Inequality, Human Security and Ethnicity (CRISE), University of Oxford},
address = {Oxford, UK},
year = {2003},
number = {2}
}

@book{R10,
title = {{Refugees, Gender and Human Security: A Theoretical Introduction and Annotated Bibliography}},
author = {Lammers, Ellen},
publisher = {International Books},
year = {1999}
}

@article{R11,
author = {Basch, Linda},
title = {{Human Security, Globalization, and Feminist Visions}},
doi = {10.1080/1040265042000210085},
journal = {Peace Review},
year = {2004},
volume = {16},
number = {1},
pages = {5--12}
}

@inbook{R12,
author = {Rubio-Marin, Ruth and Estrada-Tanck, Dorothy},
chapter = {{Violence against Women, Human Security, and Human Rights of Women and Girls: Reinforced Obligations in the Context of Structural Vulnerability}},
title = {Gender, Violence, and Human Security: Critical Feminist Perspectives},
year = {2013},
editor = {Tripp, Aili Mari and Ferree, Myra Marx and Ewig, Christina},
pages = {238--259},
publisher = {New York University Press},
}

@book{R13,
author = {Tadjbakhsh, Shahrbanou and Chenoy, Anuradha},
title = {{Human Security: Concepts {\&} Implications}},
publisher = {Routledge},
year = {2007}
}

@article{R14,
author = {Gibson, Ian R},
title = {{Human Security: A Framework for Peace Constructs, Gendered Perspectives and Cosmopolitan Security}},
url = {https://www.bradford.ac.uk/library/find-materials/journal-of-peace-conflict-and-development/human-security.pdf},
journal = {Journal of Peace, Conflict and Development},
year = {2011},
number = {17},
pages = {84--101}
}

@article{R15,
author = {Hudson, Heidi},
title = {{Inhabitants of Interstices? Feminist Analysis at the Intersection of Peace Studies, Critical Security Studies and Human Security}},
url = {https://link.gale.com/apps/doc/A287181664/AONE?u=anon~bfe3bdfb\&sid=googleScholar\&xid=96e3175b},
journal = {Strategic Review for Southern Africa},
year = {2011},
volume = {33},
number = {2},
pages = {26--50}
}

@article{R16,
author = {Nuruzzaman, Mohammed},
title = {{Paradigms in Conflict: The Contested Claims of Human Security, Critical Theory and Feminism}},
doi = {10.1177/0010836706066560},
journal = {Cooperation and Conflict},
year = {2006},
volume = {41},
number = {3},
pages = {285--303}
}

@article{R17,
author = {Youssef, Maisaa},
title = {{Suffering Men of Empire: Human Security and the War on Iraq}},
doi = {10.1177/0921374008094286},
journal = {Cultural Dynamics},
year = {2008},
volume = {20},
number = {2},
pages = {149--166}
}

@article{R18,
author = {Gupta, Sanju},
title = {{Human Security, Conflict and Women: Rwanda in Retrospect}},
doi = {10.18848/1833-1882/CGP/v06i10/52175},
journal = {International Journal of Interdisciplinary Social Sciences},
year = {2012},
volume = {6},
number = {10},
pages = {191--201}
}

@inbook{R19,
author = {Hoogensen Gj{\o}rv, Gunhild},
chapter = {{Gender, Human Security and Northern Fisheries}},
title = {Gender, Culture and Northern Fisheries},
year = {2009},
editor = {Kafarowski, Joanna},
pages = {219--234},
organization = {Canadian Circumpolar Institute Press}
}

@techreport{R20,
author = {Hudson, Heidi},
title = {{Human Security and Peacebuilding Through a Gender Lens: Challenges of Implementation in Africa}},
address = {Copenhagen, Denmark},
institution = {Danish Institute for International Studies},
url = {https://www.econstor.eu/bitstream/10419/84545/1/DIIS2006-37.pdf},
year = {2006},
number = {37}
}

@book{R21,
author = {Hudson, Natalie F},
title = {{Gender, Human Security and the United Nations: Security Language as a Political Framework for Women}},
publisher = {Routledge},
year = {2009}
}

@techreport{R22,
author = {Truong, Thanh-Dam},
title = {{Feminist Knowledge and Human Security: Bridging Rifts through the Epistemology of Care}},
url = {https://repub.eur.nl/pub/18712/wp481.pdf},
year = {2009},
number = {481}
}

@inbook{R23,
author = {Grant, J Andrew},
chapter = {{Human Security and the G-8 Action Plan: What Provisions for Women and Children in Post-Conflict Communities?}},
title = {The Search for Lasting Peace: Critical Perspectives on Gender-Responsive Human Security},
year = {2014},
editor = {Boyd, Rosalind},
pages = {151--168},
publisher = {Routledge}
}

@article{R24,
author = {Groves, Gabrielle Eva Carol and Bernadette, P Resurreccion and Doneys, Philippe},
title = {{Keeping the Peace is Not Enough: Human Security and Gender-based Violence during the Transitional Period of Timor-Leste}},
journal = {Journal of Social Issues in Southeast Asia},
doi = {10.1355/sj24-2b},
year = {2009},
volume = {24},
number = {2},
pages = {186--210}
}

@techreport{R25,
author = {Des, Gasper and Truong, Thanh-Dam},
title = {{Development Ethics Through the Lenses of Caring, Gender, and Human Security}},
 url={https://ideas.repec.org/p/ems/euriss/18734.html},
 address = {The Hague, Netherlands},
year = {2008},
number = {459}
}

@inbook{R26,
author = {Stuv{\o}y, Kirsti},
title = {{Human Security and Women's Security Reality in Northwest Russia}},
booktitle = {Environmental and Human Security in the Arctic},
year = {2014},
editor = {Hoogensen Gj{\o}rv, Gunhild and Bazely, Dawn R and Goloviznina, Marina and Tanentzap, Andrew J},
pages = {231--249},
organization = {Routledge}
}

@article{R27,
author = {Svensson, Katja},
title = {{Human Security as Inclusive Security -- Gender, Epistemology and Equality}},
doi = {10.1080/10246029.2007.9627412},
journal = {African Security Review},
year = {2010},
volume = {16},
number = {2},
pages = {1--13}
}

@article{R28,
author = {Chenoy, Anuradha M},
title = {{A Plea for Engendering Human Security}},
doi = {10.1177/002088170404200204},
journal = {International Studies},
year = {2005},
volume = {42},
number = {2},
pages = {167--179}
}

@article{R29,
author = {Lukunka, Barbra},
title = {{New Big Men: Refugee Emasculation as a Human Security Issue}},
doi = {10.1111/j.1468-2435.2010.00670.x},
journal = {International Migration},
year = {2011},
volume = {50},
number = {5},
pages = {130--141}
}

@inbook{R30,
author = {Gupta, Sonika},
chapter = {{Human Security, Economic Development and Gender}},
title = {Human Security in South Asia: Energy, Gender, Migration, and Globalisation},
year = {2003},
editor = {Chari, P R and Gupta, Sonika},
pages = {52--66},
publisher = {Social Science Press}
}

@inbook{R31,
author = {Kinney, Edith},
chapter = {{Securitizing Sex, Bodies, and Borders: the Resonance of Human Security Frames in Thailand's `War Against Human Trafficking'}},
title = {Gender, Violence, and Human Security: Critical Feminist Perspectives},
year = {2013},
editor = {Tripp, Aili Mari and Ferree, Myra Marx and Ewig, Christina},
pages = {79--108},
publisher = {New York University Press},
}

@book{R32,
author = {Phipps, Alison},
title = {{Me, Not You: The Trouble with Mainstream Feminism}},
publisher = {Manchester University Press},
year = {2020}
}

@techreport{R33,
author = {Deiter, Connie and Rude, Darlene},
title = {{Human Security and Aboriginal Women in Canada}},
address = {Ottawa, Canada},
url = {https://www.publicsafety.gc.ca/lbrr/archives/cn000032204761-eng.pdf},
year = {2005}
}

@article{R34,
author = {Chenoy, Anuradha M},
title = {{The Gender and Human Security Debate}},
doi = {10.1111/j.1759-5436.2009.00021.x},
journal = {IDS Bulletin},
year = {2009},
volume = {40},
number = {2},
pages = {44--49}
}

@inbook{R35,
author = {Ferree, Myra Marx},
chapter = {{The Discursive Politics of Gendering Human Security: Beyond the Binaries}},
title = {Gender, Violence, and Human Security: Critical Feminist Perspectives},
year = {2013},
editor = {Tripp, Aili Mari and Ferree, Myra Marx and Ewig, Christina},
pages = {285--308},
publisher = {New York University Press}
}

@inbook{R36,
author = {Valasek, Kristin},
chapter = {{Please Leave Your Weapons at the Door: Re-Gendering Human Security from Human Security Now to Disarmament}},
title = {The Search for Lasting Peace: Critical Perspectives on Gender-Responsive Human Security},
year = {2014},
editor = {Boyd, Rosalind},
pages = {21--28}
}

@article{R37,
author = {Sasaki, Shinobu and Kusakabe, Kyoko and Doneys, Philippe},
title = {{Exploring Human (in-)Security From a Gender Perspective: A Case Study of Subcontracted Workers in Thailand}},
doi = {10.1108/IJSSP-03-2015-0036},
journal = {International Journal of Sociology and Social Policy},
year = {2015},
volume = {36},
number = {5/6},
pages = {304--318}
}

@inbook{R38,
author = {Reardon, Betty A},
chapter = {{Women and Human Security: a Feminist Framework and Critique of the Prevailing Patriarchal Security System}},
title = {The Gender Imperative: Human Security vs State Security},
year = {2010},
editor = {Reardon, Betty A and Hans, Asha},
pages = {7--36},
publisher = {Routledge}
}

@article{R39,
author = {Rosenow-Williams, Kerstin and Behmer, Katharina},
title = {{A Gendered Human Security Perspective on Humanitarian Action in IDP and Refugee Protection}},
doi = {10.1093/rsq/hdv006},
journal = {Refugee Survey Quarterly},
year = {2015},
volume = {34},
number = {3},
pages = {1--23}
}

@article{R40,
author = {Moussa, Ghada},
title = {{Gender Aspects of Human Security}},
doi = {10.1111/j.1468-2451.2008.00633.x},
journal = {International Social Science Journal},
year = {2008},
volume = {59},
number = {1},
pages = {81--100}
}

@inbook{R41,
author = {Reardon, Betty A and Snauwaert, Dale T},
chapter = {{Women and Human Security: a Feminist Framework and Critique of the Prevailing Patriarchal Security System}},
title = {Betty A. Reardon Key Texts in Gender and Peace},
year = {2015},
editor = {Reardon, Betty A and Snauwaert, Dale T},
pages = {109--128},
publisher = {Springer}
}

@phdthesis{R42,
author = {Bromley, Victoria},
title = {{Human Security, Gendered Violence, and Women's Rights: Lives on the Line in the US-Mexican Borderlands}},
url = {https://www.bac-lac.gc.ca/eng/services/theses/Pages/item.aspx?idNumber=56370509},
school = {Carleton University},
year = {2002},
address = {Department of Political Science}
}

@inbook{R43,
author = {Randriamaro, Zo},
chapter = {{Whose Human Security? Gender, Neoliberalism and the Informal Economy of Sub-Saharan African}},
title = {Gendered Insecurities, Health and Development in Africa},
year = {2012},
pages = {72--97}
}

@article{R44,
author = {Bunch, Charlotte},
title = {{Feminism, Peace, Human Rights and Human Security}},
url = {https://www.proquest.com/docview/217455004},
journal = {Canadian Women Studies},
year = {2003},
volume = {22},
number = {2},
pages = {6--11}
}

@article{R45,
author = {Panda, Snehalata},
title = {{Disempowerment of Tribal Women: A Human Security Perspective}},
journal = {Local Government Quaterly},
year = {2015},
volume = {85},
number = {1},
pages = {27--39}
}

@inbook{R46,
author = {Irlbacher-Fox, Stephanie and Price, Jackie and Rowe, Elana Wilson},
chapter = {{Women's Participation in Decision Making: Human Security in the Canadian Arctic}},
title = {Environmental and Human Security in the Arctic},
year = {2014},
editor = {Hoogensen Gj{\o}rv, Gunhild and Bazely, Dawn R and Goloviznina, Marina and Tanentzap, Andrew J},
pages = {203--230},
publisher = {Routledge}
}

@article{R47,
author = {Sweet, Victoria},
title = {{Extracting More Than Resources: Human Security and Arctic Indigenous Women}},
url = {https://ssrn.com/abstract=2533164},
journal = {Seattle University Law Review},
year = {2014},
volume = {37},
pages = {1221--1243}
}

@techreport{R48,
author = {Khattak, Saba Gul and Habib, Kiran and Khan, Foqia Sadiq},
title = {{Women and Human Security in South Asia: The Cases of Bangladesh and Pakistan}},
url = {http://www.uplbooks.com/book/women-and-human-security-south-asia-cases-bangladesh-and-pakistan},
year = {2008}
}

@article{R49,
author = {Fox, Mary-Jane},
title = {{Girl Soldiers: Human Security and Gendered Insecurity}},
doi = {10.1177/0967010604049523},
journal = {Security Dialogue},
year = {2004},
volume = {35},
number = {4},
pages = {465--479}
}

@article{R50,
author = {Fukuda-Parr, Sakiko},
title = {{Gender, Globalization and New Threats to Human Security}},
doi = {10.1080/1040265042000210139},
journal = {Peace Review},
year = {2004},
volume = {16},
number = {1},
pages = {35--42}
}

@article{R51,
author = {Jayaweera, Hiranthi},
title = {{Access to Healthcare for Vulnerable Migrant Women in England: a Human Security Approach}},
doi = {10.1177/0011392117736307},
journal = {Current Sociology},
year = {2017},
number = {66},
pages = {273--285}
}

@article{R52,
author = {Okotie, Henry V},
title = {{Gender, Conflict and Human Security in Nigeria: Challenges and Prospects}},
journal = {Gender and Behaviour},
doi = {10.4314/gab.v5i2.23397},
year = {2007},
volume = {5},
number = {2},
pages = {1421--1433}
}

@article{R53,
author = {Isike, Christopher and Owusu-Ampomah, Kwame},
title = {{A Human Security Analysis of the Situation of Girls and Young Women in Kwazu-Natal, South Africa}},
doi = {10.11564/31-1-952},
journal = {African Population Studies},
year = {2017},
volume = {31},
number = {1},
pages = {3179--3193}
}

@inbook{R54,
author = {Drysdale-Walsh, Shannon},
chapter = {{Advances {\&} Limits of Policing and Human Security for Women: Nicaragua in Comparative Perspective}},
title = {Gender Violence in Peace and War},
year = {2016},
editor = {Sanford, Victoria and Stefatos, Katerina and Salvi, Cecilia M},
pages = {133--145},
organization = {Rutgers University Press}
}

@article{R55,
author = {Radu, Mihaela},
title = {{Gender Equality: A Condition for Achieving Human Security}},
url = {https://www.proquest.com/docview/1731537091},
journal = {Strategic Impact},
year = {2015},
number = {2},
pages = {104--111}
}

@inbook{R56,
author = {Clough, Patricia Ticineto and Willse, Craig},
chapter = {{Human Security/National Security: Gender Branding and Population Racism}},
title = {Beyond Biopolitics: Essays on the Governance of Life and Death},
year = {2011},
editor = {Clough, Patricia Ticineto and Willse, Craig},
pages = {46--64},
organization = {Duke University Press}
}
