@article{r01,
	doi = {10.1007/s11625-010-0117-x},
	year = 2010,
	publisher = {Springer Nature},
	volume = {6},
	number = {1},
	pages = {69--82},
	author = {Anne Jerneck and Lennart Olsson and Barry Ness and Stefan Anderberg and Matthias Baier and Eric Clark and Thomas Hickler and Alf Hornborg and Annica Kronsell and Eva LÃ¶vbrand and Johannes Persson},
	title = {Structuring sustainability science},
	journal = {Sustainability Science}
}

@article{r02,
	doi = {10.1007/s11625-011-0149-x},
	year = 2012,
	publisher = {Springer Nature},
	volume = {7},
	number = {S1},
	pages = {25--43},
	author = {Daniel J. Lang and Arnim Wiek and Matthias Bergmann and Michael Stauffacher and Pim Martens and Peter Moll and Mark Swilling and Christopher J. Thomas},
	title = {Transdisciplinary research in sustainability science: practice, principles, and challenges},
	journal = {Sustainability Science}
}

@article{r03,
	doi = {10.1007/s11625-013-0224-6},
	year = 2013,
	publisher = {Springer Nature},
	volume = {9},
	number = {2},
	pages = {239--246},
	author = {Thaddeus R. Miller and Arnim Wiek and Daniel Sarewitz and John Robinson and Lennart Olsson and David Kriebel and Derk Loorbach},
	title = {The future of sustainability science: a solutions-oriented research agenda},
	journal = {Sustainability Science}
}

@thesis{r04,
author = {Andersson, Elina},
title = {Fertile grounds? Collective strategies and the political ecology of soil management in Uganda},
type = {PhD Thesis},
institution = {Lund University},
location = {Lund, Sweden},
url = {http://lup.lub.lu.se/search/record/4437976}
}

@article{r05,
	doi = {10.1073/pnas.0708566104},
	year = 2007,
	publisher = {Proceedings of the National Academy of Sciences},
	volume = {104},
	number = {43},
	pages = {16747--16750},
	author = {R. W. Kates and P. Dasgupta},
	title = {Poverty and Hunger Special Feature: African poverty: A grand challenge for sustainability science},
	journal = {Proceedings of the National Academy of Sciences}
}

@article{r06,
	doi = {10.1080/03066150902820487},
	year = 2009,
	publisher = {Informa {UK} Limited},
	volume = {36},
	number = {1},
	pages = {227--243},
	author = {Benedict J. Tria Kerkvliet},
	title = {Everyday politics in peasant societies (and ours)},
	journal = {The Journal of Peasant Studies}
}

@article{r07,
	doi = {10.1016/j.ecolecon.2005.01.014},
	year = 2005,
	publisher = {Elsevier {BV}},
	volume = {53},
	number = {1},
	pages = {5--16},
	author = {Manfred A. Max-Neef},
	title = {Foundations of transdisciplinarity},
	journal = {Ecological Economics}
}

@article {r08,
	author = {Kates, Robert W. and Clark, William C. and Corell, Robert and Hall, J. Michael and Jaeger, Carlo C. and Lowe, Ian and McCarthy, James J. and Schellnhuber, Hans Joachim and Bolin, Bert and Dickson, Nancy M. and Faucheux, Sylvie and Gallopin, Gilberto C. and Gr{\"u}bler, Arnulf and Huntley, Brian and J{\"a}ger, Jill and Jodha, Narpat S. and Kasperson, Roger E. and Mabogunje, Akin and Matson, Pamela and Mooney, Harold and Moore, Berrien and O{\textquoteright}Riordan, Timothy and Svedin, Uno},
	title = {Sustainability Science},
	volume = {292},
	number = {5517},
	pages = {641--642},
	year = {2001},
	doi = {10.1126/science.1059386},
	publisher = {American Association for the Advancement of Science},
	issn = {0036-8075},
	journal = {Science}
}

@article{r09,
	doi = {10.12924/cis2013.01020080},
	year = 2014,
	publisher = {Librello},
	volume = {1},
	number = {2},
	author = {Barry Ness and Ann Akerman},
	title = {Publishing Sustainability Research Visually: A Film about the Opportunities and Challenges of a Rural Entrepreneurship Initiative in Kenya},
	journal = {Challenges in Sustainability}
}