@Book{r01,
title = {Our Common Future: The Report of the World Commission on Environment and Development},
publisher = {Oxford University Press},
year = {1987},
address = {Oxford, UK}
}

@TechReport{r02,
title = {Back to Our Common Future: Sustainable Development in the 21st century (SD21) project, Summary for policymakers},
institution = {United Nations Department for Economic and Social Affairs (UN-DESA)}
}

@article{r03,
	doi = {10.1016/j.ecolecon.2005.04.013},
	year = 2006,
	publisher = {Elsevier {BV}},
	volume = {57},
	number = {2},
	pages = {253--268},
	author = {Chris Sneddon and Richard B. Howarth and Richard B. Norgaard},
	title = {Sustainable development in a post-Brundtland world},
	journal = {Ecological Economics}
}

@article{r04,
	doi = {10.3390/su3101637},
	year = 2011,
	publisher = {{MDPI} {AG}},
	volume = {3},
	number = {12},
	pages = {1637--1661},
	author = {Tom Waas and Jean Hug{\'{e}} and Aviel Verbruggen and Tarah Wright},
	title = {Sustainable Development: A Bird's Eye View},
	journal = {Sustainability}
}

@article{r05,
	doi = {10.1111/jtsb.12075},
	year = 2014,
	publisher = {Wiley-Blackwell},
	volume = {45},
	number = {3},
	pages = {287--310},
	author = {Kenneth J. Gergen},
	title = {From Mirroring to World-Making: Research as Future Forming},
	journal = {Journal for the Theory of Social Behaviour}
}

@article {r06,
	author = {Kates, Robert W. and Clark, William C. and Corell, Robert and Hall, J. Michael and Jaeger, Carlo C. and Lowe, Ian and McCarthy, James J. and Schellnhuber, Hans Joachim and Bolin, Bert and Dickson, Nancy M. and Faucheux, Sylvie and Gallopin, Gilberto C. and Gr{\"u}bler, Arnulf and Huntley, Brian and J{\"a}ger, Jill and Jodha, Narpat S. and Kasperson, Roger E. and Mabogunje, Akin and Matson, Pamela and Mooney, Harold and Moore, Berrien and O{\textquoteright}Riordan, Timothy and Svedin, Uno},
	title = {Sustainability Science},
	volume = {292},
	number = {5517},
	pages = {641--642},
	year = {2001},
	doi = {10.1126/science.1059386},
	publisher = {American Association for the Advancement of Science},
	issn = {0036-8075},
	journal = {Science}
}

@TechReport{r07,
title = {World in Transition---A Social Contract for Sustainability},
institution = {German Advisory Council on Global Change (WBGU)},
year = {2011},
number = {Flagship Report},
address = {Berlin, Germany},
url={http://www.wbgu.de/en/flagship-reports/fr-2011-a-social-contract/}
}

@article{r08,
	doi = {10.1126/science.1217255},
	year = 2012,
	publisher = {American Association for the Advancement of Science ({AAAS})},
	volume = {335},
	number = {6074},
	pages = {1306--1307},
	author = {F. Biermann and K. Abbott and S. Andresen and K. Backstrand and S. Bernstein and M. M. Betsill and H. Bulkeley and B. Cashore and J. Clapp and C. Folke and A. Gupta and J. Gupta and P. M. Haas and A. Jordan and N. Kanie and T. Kluvankova-Oravska and L. Lebel and D. Liverman and J. Meadowcroft and R. B. Mitchell and P. Newell and S. Oberthur and L. Olsson and P. Pattberg and R. Sanchez-Rodriguez and H. Schroeder and A. Underdal and S. C. Vieira and C. Vogel and O. R. Young and A. Brock and R. Zondervan},
	title = {Navigating the Anthropocene: Improving Earth System Governance},
	journal = {Science}
}

@article{r09,
	doi = {10.1065/espr2007.01.375},
	year = 2007,
	publisher = {Springer Nature},
	volume = {14},
	number = {1},
	pages = {60--66},
	author = {David Santillo},
	title = {Reclaiming the Definition of Sustainability},
	journal = {Environmental Science and Pollution Research - International}
}

@InProceedings{r10,
author = {Lundvall, BA},
title = {The origins of the national innovation system concept and its usefulness in the era of the globalizing economy},
booktitle = {13th Globelics Conference},
year = {23--26 September 2015},
address = {Havana, Cuba},
url = {http://www.globelicsacademy.net/Lundvall_NSI-origins%20and%20globalisation.pdf}
}

@TechReport{r11,
author = {Benneworth, P and Amanatidou, E and {Edwards Schachter}, M and Gulbrandsen, M},
title = {Social innovation futures: Beyond policy panacea and conceptual ambiguity},
institution = {University of Oslo},
address = {Oslo, Norway},
year = {2015},
number = {TIK Working Paper No. 20150127},
url = {https://ideas.repec.org/p/tik/inowpp/20150127.html}
}

@TechReport{r12,
author = {Brody, A},
title = {Gender and Governance},
institution = {Institute of Development Studies, University of Sussex},
year = {2009},
OPTkey = {•},
OPTtype = {•},
number = {Overview report},
OPTaddress = {Brighton, UK},
url = {http://www.bridge.ids.ac.uk/reports/Governance_OR_final.pdf}
}

@article{r13,
	doi = {10.1080/03066150902820503},
	year = 2009,
	publisher = {Informa {UK} Limited},
	volume = {36},
	number = {1},
	pages = {171--196},
	author = {Ian Scoones},
	title = {Livelihoods perspectives and rural development},
	journal = {The Journal of Peasant Studies}
}

@InBook{r14,
author = {Wiesmann, U and Ott, C and {Ifejika Speranza}, C and Kiteme, BP and Müller-Böker, U and Messerli, P and Zinsstag, J},
editor = {Wiesmann, U and Hurni, H},
title = {Research for Sustainable Development: Foundations, Experiences, and Perspectives. Perspectives of the Swiss National Centre of Competence in Research (NCCR) North-South},
chapter = {A human actor model as a conceptual orientation in interdisciplinary research for sustainable development},
publisher = {Geographica Bernensia},
year = {2011},
address = {Bern, Switzerland},
pages = {231-256}
}

@article{r15,
	doi = {10.1002/wcc.275},
	year = 2014,
	publisher = {Wiley-Blackwell},
	volume = {5},
	number = {3},
	pages = {359--374},
	author = {David Schlosberg and Lisette B. Collins},
	title = {From environmental to climate justice: climate change and the discourse of environmental justice},
	journal = {Wiley Interdisciplinary Reviews: Climate Change}
}

@TechReport{r16,
author = {Patterson, J and Schulz, K and Vervoort, J and Adler, C and Hurlbert, M and van der Hel, S and Schmidt, A and Barau, A and Obani, P and Sethi, M and Hissen, N and Tebboth, M and Anderton, K and Börner, S and Widerberg, O},
title = {`Transformations towards sustainability': Emerging approaches, critical reflections, and a research agenda},
institution = {Lund University},
year = {2015},
number = {Earth System Governance Working Paper No. 33},
address = {Lund, Sweden}
}

@article{r17,
	doi = {10.1080/713693151},
	year = 2000,
	publisher = {Informa {UK} Limited},
	volume = {1},
	number = {2},
	pages = {247--268},
	author = {Werner Ulrich},
	title = {Reflective Practice in the Civil Society: The contribution of critically systemic thinking},
	journal = {Reflective Practice}
}

@article{r18,
	doi = {10.1017/s0376892911000270},
	year = 2011,
	publisher = {Cambridge University Press ({CUP})},
	volume = {38},
	number = {03},
	pages = {275--287},
	author = {Spangenberg, JH},
	title = {Sustainability science: A review, an analysis and some empirical lessons},
	journal = {Environmental Conservation}
}

@InProceedings{r19,
author = {Harding, S},
title = {Moving South and East: Epistemic Modernization for global Northern philosophies of science},
booktitle = {Global Knowledge, Traveling Technologies and Postcolonialism, Perspectives on Science and Technology Studies in the Global South},
pages = {1--41},
year = {19--20 July 2012},
address = {Halle, Germany},
organization = {Max Planck Institute for Social Anthropology}
}

@article{r20,
	doi = {10.1016/j.jhg.2008.08.008},
	year = 2009,
	publisher = {Elsevier {BV}},
	volume = {35},
	number = {2},
	pages = {279--296},
	author = {Diana M. Liverman},
	title = {Conventions of climate change: Constructions of danger and the dispossession of the atmosphere},
	journal = {Journal of Historical Geography}
}

@article{r21,
	doi = {10.1080/13504509.2011.572303},
	year = 2011,
	publisher = {Informa {UK} Limited},
	volume = {18},
	number = {3},
	pages = {243--252},
	author = {Jon Naustdalslid},
	title = {Climate change {\textendash} the challenge of translating scientific knowledge into action},
	journal = {International Journal of Sustainable Development {\&} World Ecology}
}

@article{r22,
	doi = {10.1002/sd.1559},
	year = 2013,
	publisher = {Wiley-Blackwell},
	volume = {21},
	number = {2},
	pages = {122--130},
	author = {Annika Skoglund and Tommy Jensen},
	title = {The Professionalization of Ethics in the Intergovernmental Panel on Climate Change ({IPCC})---from Servant of Science to Ethical Master?},
	journal = {Sustainable Development}
}

@article{r23,
	doi = {10.1016/j.gloenvcha.2014.04.017},
	year = 2014,
	publisher = {Elsevier {BV}},
	volume = {26},
	pages = {A1--A3},
	author = {Heike Schroeder},
	title = {Governing access and allocation in the Anthropocene},
	journal = {Global Environmental Change}
}

@InBook{r24,
author = {Wiesmann, U and Hurni, H},
editor = {Wiesmann, U and Hurni, H},
title = {Research for Sustainable Development: Foundations, Experiences, and Perspectives. Perspectives of the Swiss National Centre of Competence in Research (NCCR) North-South},
chapter = {Global change research for sustainable development},
publisher = {Geographica Bernensia},
year = {2011},
address = {Bern, Switzerland},
pages = {15-42}
}

@article{r25,
	doi = {10.1016/j.ecolecon.2011.01.021},
	year = 2011,
	publisher = {Elsevier {BV}},
	volume = {70},
	number = {11},
	pages = {1865--1874},
	author = {John S. Dryzek and Hayley Stevenson},
	title = {Global democracy and earth system governance},
	journal = {Ecological Economics}
}

@article{r26,
	doi = {10.1504/ijisd.2005.008084},
	year = 2005,
	publisher = {Inderscience Publishers},
	volume = {1},
	number = {1/2},
	pages = {127},
	author = {Delyse Springett},
	title = {Structural limits to sustainable development: managers and progressive agency},
	journal = {International Journal Innovation and Sustainable Development}
}

@book{r27,
	doi = {10.4337/9781783474561},
	year = 2014,
	publisher = {Edward Elgar Publishing},
	address = {Cheltenham, UK},
	author = {Tom Dedeurwaerdere},
	title = {Sustainability Science for Strong Sustainability}
}

@article{r28,
	doi = {10.1177/0162243906287547},
	year = 2006,
	publisher = {{SAGE} Publications},
	volume = {31},
	number = {4},
	pages = {465--494},
	author = {D. W. Cash},
	title = {Countering the Loading-Dock Approach to Linking Science and Decision Making: Comparative Analysis of El Nino/Southern Oscillation ({ENSO}) Forecasting Systems},
	journal = {Science, Technology {\&} Human Values}
}

@article{r29,
	doi = {10.1016/j.envsci.2014.03.002},
	year = 2014,
	publisher = {Elsevier {BV}},
	volume = {40},
	pages = {16--25},
	author = {Pita Spruijt and Anne B. Knol and Eleftheria Vasileiadou and Jeroen Devilee and Erik Lebret and Arthur C. Petersen},
	title = {Roles of scientists as policy advisers on complex issues: A literature review},
	journal = {Environmental Science {\&} Policy}
}

@article{r30,
	doi = {10.1007/s11625-015-0314-8},
	year = 2015,
	publisher = {Springer Science $\mathplus$ Business Media},
	volume = {11},
	number = {2},
	pages = {363--369},
	author = {Janet G. Hering},
	title = {Do we need {\textquotedblleft}more research{\textquotedblright} or better implementation through knowledge brokering?},
	journal = {Sustainability Science}
}

@article{r31,
	doi = {10.1016/j.gloenvcha.2008.10.002},
	year = 2009,
	publisher = {Elsevier {BV}},
	volume = {19},
	number = {1},
	pages = {7--13},
	author = {Eva Lövbrand and Johannes Stripple and Bo Wiman},
	title = {Earth System Governmentality},
	journal = {Global Environmental Change}
}

@article{r32,
	doi = {10.1016/j.futures.2011.05.027},
	year = 2011,
	publisher = {Elsevier {BV}},
	volume = {43},
	number = {8},
	pages = {853--867},
	author = {N.D. van Egmond and H.J.M. de Vries},
	title = {Sustainability: The search for the integral worldview},
	journal = {Futures}
}

@article{r33,
	doi = {10.1016/j.envsci.2012.11.005},
	year = 2013,
	publisher = {Elsevier {BV}},
	volume = {28},
	pages = {71--81},
	author = {J. David T{\`{a}}bara and Ilan Chabay},
	title = {Coupling Human Information and Knowledge Systems with social{\textendash}ecological systems change: Reframing research, education, and policy for sustainability},
	journal = {Environmental Science {\&} Policy}
}

@article{r34,
	doi = {10.12924/cis2014.02010001},
	year = 2014,
	publisher = {Librello},
	volume = {2},
	number = {1},
	author = {Joshua Farley},
	title = {Seeking Consilience for Sustainability Science: Physical Sciences, Life Sciences, and the New Economics},
	journal = {Challenges in Sustainability}
}

@book{r35,
	doi = {10.1007/978-1-4020-6699-3},
	year = 2008,
	publisher = {Springer},
	editor = {Gertrude Hirsch Hadorn and Holger Hoffmann-Riem and Susette Biber-Klemm and Walter Grossenbacher-Mansuy and Dominique Joye and Christian Pohl and Urs Wiesmann and Elisabeth Zemp},
	title = {Handbook of Transdisciplinary Research}
}

@article{r36,
	doi = {10.1016/j.futures.2006.12.004},
	year = 2007,
	publisher = {Elsevier {BV}},
	volume = {39},
	number = {7},
	pages = {807--826},
	author = {Sybille van den Hove},
	title = {A rationale for science{\textendash}policy interfaces},
	journal = {Futures}
}

@TechReport{r37,
author = {Biermann, F and Betsill, MM and Gupta,  J and Kanie,  N and Lebel,  L and Liverman, D and Schroeder, H and Siebenhüner, B},
title = {Earth System Governance: People, Places and the Planet. Science and Implementation Plan of the Earth System Governance Project},
institution = {Lund University},
year = {2009},
number = {Earth System Governance Report 1},
address = {Lund, Sweden}
}

@inbook{r38,
	year = 2009,
	publisher = {Cambridge University Press ({CUP})},
	editor = {W. Neil Adger and Andrew Jordan},
	title = {Governing Sustainability},
	address = {Cambridge, UK},
	author = {Jäger, J},
	chapter = {The governance of science for sustainability}
}

@InBook{r39,
author = {Wiesmann, U and Hurni, H and Ott, C and Zingerli, C},
editor = {Wiesmann, U and Hurni, H},
title = {Research for Sustainable Development: Foundations, Experiences, and Perspectives. Perspectives of the Swiss National Centre of Competence in Research (NCCR) North-South},
chapter = {Combining the concepts of transdisciplinarity and partnership in research for sustainable development},
publisher = {Geographica Bernensia},
year = {2011},
address = {Bern, Switzerland},
pages = {43--70}
}

@article{r40,
	doi = {10.1016/j.futures.2014.10.012},
	year = 2015,
	publisher = {Elsevier {BV}},
	volume = {65},
	pages = {72--85},
	author = {Andreas Kläy and Anne B. Zimmermann and Flurina Schneider},
	title = {Rethinking science for sustainable development: Reflexive interaction for a paradigm transformation},
	journal = {Futures}
}

@article{r41,
	doi = {10.1016/j.envsci.2015.02.016},
	year = 2015,
	publisher = {Elsevier {BV}},
	volume = {54},
	pages = {505--512},
	author = {Simo Sarkki and Rob Tinch and Jari Niemelä and Ulrich Heink and Kerry Waylen and Johannes Timaeus and Juliette Young and Allan Watt and Carsten Ne{\ss}höver and Sybille van den Hove},
	title = {Adding `iterativity' to the credibility, relevance, legitimacy: A novel scheme to highlight dynamic aspects of science{\textendash}policy interfaces},
	journal = {Environmental Science {\&} Policy}
}

@article{r42,
	doi = {10.1016/j.respol.2011.07.009},
	year = 2012,
	publisher = {Elsevier {BV}},
	volume = {41},
	number = {6},
	pages = {980--995},
	author = {Raghu Garud and Joel Gehman},
	title = {Metatheoretical perspectives on sustainability journeys: Evolutionary, relational and durational},
	journal = {Research Policy}
}

@article{r43,
	doi = {10.5751/es-06799-190401},
	year = 2014,
	publisher = {Resilience Alliance, Inc.},
	volume = {19},
	number = {4},
	author = {Per Olsson and Victor Galaz and Wiebren J. Boonstra},
	title = {Sustainability transformations: a resilience perspective},
	journal = {Ecology and Society}
}

@TechReport{r44,
title = {Sustainability and equity: A better future for all},
institution = {United Nations Development Programme---Human Development Reports},
year = {2011},
address = {New York, NY, USA}
}

@TechReport{r45,
title = {A Guide for Transboundary Research Partnerships, 11 Principles and 7 Questions},
institution = {Swiss Commission for Research Partnerships with Developing Countries (KFPE)},
year = {2014},
number = {2 ed},
address = {Bern, Switzerland},
url = {http://www.naturalsciences.ch/uuid/564b67b9-c39d-5184-9a94-e0b129244761}
}

@TechReport{r46,
title = {Research and Education: Drivers of Transformation},
institution = {German Advisory Council on Global Change (WBGU)},
year = {2012},
number = {Factsheet 4},
address = {Berlin, Germany}
}

@article{r47,
	doi = {10.1016/j.techsoc.2014.10.004},
	year = 2015,
	publisher = {Elsevier {BV}},
	volume = {41},
	pages = {10--20},
	author = {Rodrigo Arocena and Bo Göransson and Judith Sutz},
	title = {Knowledge policies and universities in developing countries: Inclusive development and the {\textquotedblleft}developmental university{\textquotedblright}},
	journal = {Technology in Society}
}

@Book{r48,
author = {Pohl, C and Hirsch, Hadorn G},
title = {Principles for Designing Transdisciplinary Research---Proposed by the Swiss Academies of Arts and Sciences},
publisher = {Oekom Verlag},
year = {2007},
address = {Munich, Germany}
}

@article{r49,
	doi = {10.1332/174426415x14314311257040},
	year = 2015,
	publisher = {The Policy Press},
	volume = {11},
	number = {2},
	pages = {225--237},
	author = {Jon Warren and Kayleigh Garthwaite},
	title = {Whose side are we on and for whom do we write? Notes on issues and challenges facing those researching and evaluating public policy},
	journal = {Evidence \& Policy}
}

@inbook{r50,
	year = 2008,
	publisher = {Springer},
	author = {Pohl, C and van Kerkhoff, L and Bammer, G and Hirsch, Hadorn G},
	editor = {Gertrude Hirsch Hadorn and Holger Hoffmann-Riem and Susette Biber-Klemm and Walter Grossenbacher-Mansuy and Dominique Joye and Christian Pohl and Urs Wiesmann and Elisabeth Zemp},
	title = {Handbook of Transdisciplinary Research},
	pages = {411--424},
	chapter = {Integration}
}

@article{r51,
	doi = {10.1177/0010414009332129},
	year = 2009,
	publisher = {{SAGE} Publications},
	volume = {42},
	number = {11},
	pages = {1379--1402},
	author = {J. S. Dryzek},
	title = {Democratization as Deliberative Capacity Building},
	journal = {Comparative Political Studies}
}

@article{r52,
	doi = {10.3390/su3081090},
	year = 2011,
	publisher = {{MDPI} {AG}},
	volume = {3},
	number = {12},
	pages = {1090--1113},
	author = {Paul Stock and Rob J.F. Burton},
	title = {Defining Terms for Integrated (Multi-Inter-Trans-Disciplinary) Sustainability Research},
	journal = {Sustainability}
}

@article{r53,
	doi = {10.1007/s11625-011-0143-3},
	year = 2011,
	month = {oct},
	publisher = {Springer Nature},
	volume = {7},
	number = {1},
	pages = {81--93},
	author = {Gabriela Wuelser and Christian Pohl and Gertrude Hirsch Hadorn},
	title = {Structuring complexity for tailoring research contributions to sustainable development: A framework},
	journal = {Sustainability Science}
}

@article{r54,
	doi = {10.1016/j.envsci.2012.11.008},
	year = 2013,
	publisher = {Elsevier {BV}},
	volume = {28},
	pages = {60--70},
	author = {Sarah Cornell and Frans Berkhout and Willemijn Tuinstra and J. David T{\`{a}}bara and Jill Jäger and Ilan Chabay and Bert de Wit and Richard Langlais and David Mills and Peter Moll and Ilona M. Otto and Arthur Petersen and Christian Pohl and Lorrae van Kerkhoff},
	title = {Opening up knowledge systems for better responses to global environmental change},
	journal = {Environmental Science {\&} Policy}
}

@article{r55,
	doi = {10.1016/j.polsoc.2009.08.004},
	year = 2009,
	publisher = {Elsevier {BV}},
	volume = {28},
	number = {3},
	pages = {173--184},
	author = {Carolyn M. Hendriks},
	title = {Deliberative governance in the context of power},
	journal = {Policy and Society}
}

@TechReport{r56,
title = {Toward Knowledge Societies},
institution = {United Nations Educational, Scientific and Cultural Organization (UNESCO)},
year = {2005},
number = {World Report},
address = {Paris, France}
}

@TechReport{r57,
title = {Knowledge Divides},
institution = {United Nations Educational, Scientific and Cultural Organization (UNESCO)},
year = {2010},
number = {World Social Science Report},
address = {Paris, France}
}

@Book{r58,
editor = {Ehrensperger, A and Ott, C and Wiesmann, U},
title = {Eastern and Southern Africa Partnership Programme: Highlights from 15 Years of Joint Action for Sustainable Development},
publisher = {Centre for Development and Environment (CDE) and Bern Open Publishing (BOP)},
year = {2015},
address = {Bern, Switzerland}
}

@article{r59,
	doi = {10.1332/174426416x14700793045951},
	year = 2016,
	publisher = {The Policy Press},
	volume = {12},
	number = {3},
	pages = {405--430},
	author = {Cordula Ott and Boniface Kiteme},
	title = {Concepts and practices for the democratisation of knowledge generation in research partnerships for sustainable development},
	journal = {Evidence {\&} Policy: A Journal of Research, Debate and Practice}
}

@Book{r60,
author = {Wiesmann, U},
title = {Sustainable Regional Development in Rural Africa: Conceptual Framework and Case Studies from Kenya},
publisher = {Geographica Bernensia},
year = {1998},
number = {African Studies 14},
address = {Bern, Switzerland}
}

@Proceedings{r61,
title = {Research on Sustainability and Global Change: Visions in Science Policy by Swiss Researchers},
year = {1997},
address = {Bern, Switzerland},
organization = {Forum for Climate and Global Change (ProClim)},
publisher = {Swiss Academy of Sciences (SAS)}
}

@article{r62,
	doi = {10.1332/174426414x14144204801909},
	year = 2014,
	publisher = {The Policy Press},
	volume = {10},
	number = {4},
	pages = {489--495},
	author = {Kathryn Higgins and John Canavan and Liam Coen},
	title = {Mapping the field in evidence-informed policy and practice: international perspectives},
	journal = {Evidence {\&} Policy: A Journal of Research, Debate and Practice}
}

@article{r63,
	doi = {10.1080/13549839.2015.1050658},
	year = 2015,
	publisher = {Informa {UK} Limited},
	volume = {21},
	number = {8},
	pages = {939--955},
	author = {J.M. Wittmayer and F. van Steenbergen and A. Rok and C. Roorda},
	title = {Governing sustainability: A dialogue between Local Agenda 21 and transition management},
	journal = {Local Environment}
}

@article{r64,
	doi = {10.1080/08941920.2015.1041661},
	year = 2015,
	publisher = {Informa {UK} Limited},
	volume = {29},
	number = {1},
	pages = {68--87},
	author = {Tobias Haller and Greg Acciaioli and Stephan Rist},
	title = {Constitutionality: Conditions for Crafting Local Ownership of Institution-Building Processes},
	journal = {Society {\&} Natural Resources}
}

@article{r65,
	doi = {10.1080/20421338.2014.979660},
	year = 2014,
	publisher = {Informa {UK} Limited},
	volume = {6},
	number = {5},
	pages = {455--466},
	author = {Bengt-{\AA}ke Lundvall and Rasmus Lema},
	title = {Growth and structural change in Africa: development strategies for the learning economy},
	journal = {African Journal of Science, Technology, Innovation and Development}
}

@TechReport{r66,
title = {The Rio Conventions. Action on Adaptation},
institution = {UNCBD, UNCCD and UNFCCC},
year = {2012},
url = {http://www.unccd.int/Lists/SiteDocumentLibrary/Publications/rio_20_adaptation_brochure.pdf}
}

@article{r67,
	doi = {10.1332/174426414x14175452747938},
	year = 2014,
	publisher = {The Policy Press},
	title = {A theory of change for capacity building for the use of research evidence by decision makers in southern Africa},
	journal = {Evidence {\&} Policy: A Journal of Research, Debate and Practice},
	author = {Stewart, R}
}

@article{r68,
	doi = {10.1080/13504500709469709},
	year = 2007,
	publisher = {Informa {UK} Limited},
	volume = {14},
	number = {1},
	pages = {78--91},
	author = {Ren{\'{e}} Kemp and Derk Loorbach and Jan Rotmans},
	title = {Transition management as a model for managing processes of co-evolution towards sustainable development},
	journal = {International Journal of Sustainable Development {\&} World Ecology}
}




