@InBook{r02,
author = {Adger, W.N. AND J.M. Pulhin AND J. Barnett AND G.D. Dabelko AND G.K. Hovelsrud AND M. Levy AND Oswald Spring AND C.H. Vogel},
editor = {Field, C.B. AND V.R. Barros AND D.J. Dokken AND K.J. Mach AND M.D. Mastrandrea AND T.E. Bilir AND M. Chatterjee AND K.L. Ebi AND Y.O. Estrada AND R.C. Genova AND B. Girma AND E.S. Kissel AND A.N. Levy AND S. MacCracken AND P.R. Mastrandrea AMD and L.L. White},
title = {Climate Change 2014: Impacts, Adaptation, and Vulnerability. Part A: Global and Sectoral Aspects. Contribution of Working Group II to the Fifth Assessment Report of the Intergovernmental Panel on Climate Change},
chapter = {Human security},
publisher = {Cambridge University Press},
year = {2014},
address = {Cambridge, UK and New York, NY, USA},
pages = {755-791},
	doi = {10.1017/cbo9781107415379.017}
}

@article{r01,
	doi = {10.1111/j.1467-7660.1995.tb00560.x},
	year = 1995,
	publisher = {Wiley-Blackwell},
	volume = {26},
	number = {3},
	pages = {413--439},
	author = {Arun Agrawal},
	title = {Dismantling the Divide Between Indigenous and Scientific Knowledge},
	journal = {Development and Change}
}

@article{r30,
	doi = {10.1080/17457823.2011.553083},
	year = 2011,
	publisher = {Informa {UK} Limited},
	volume = {6},
	number = {1},
	pages = {113--131},
	author = {Antwi A.A. Akom},
	title = {Black emancipatory action research: integrating a theory of structural racialisation into ethnographic and participatory action research methods},
	journal = {Ethnography and Education}
}

@Book{r23,
author = {Anderson, W. },
title = { The Cultivation of Whiteness: Science, Health and Racial Destiny in Australia},
publisher = {Melbourne University Press},
year = {2002},
address = {Melbourne, Australia}
}

@article{r24,
	doi = {10.1353/bhm.2012.0075},
	year = 2012,
	publisher = {Johns Hopkins University Press},
	volume = {86},
	number = {4},
	pages = {596--626},
	author = {Alison Bashford},
	title = {Anticolonial Climates: Physiology, Ecology, and Global Population, 1920s--1950s},
	journal = {Bulletin of the History of Medicine}
}

@article{r18,
	doi = {10.1126/science.1217255},
	year = 2012,
	publisher = {American Association for the Advancement of Science ({AAAS})},
	volume = {335},
	number = {6074},
	pages = {1306--1307},
	author = {F. Biermann and K. Abbott and S. Andresen and K. Backstrand and S. Bernstein and M. M. Betsill and H. Bulkeley and B. Cashore and J. Clapp and C. Folke and A. Gupta and J. Gupta and P. M. Haas and A. Jordan and N. Kanie and T. Kluvankova-Oravska and L. Lebel and D. Liverman and J. Meadowcroft and R. B. Mitchell and P. Newell and S. Oberthur and L. Olsson and P. Pattberg and R. Sanchez-Rodriguez and H. Schroeder and A. Underdal and S. C. Vieira and C. Vogel and O. R. Young and A. Brock and R. Zondervan},
	title = {Navigating the Anthropocene: Improving Earth System Governance},
	journal = {Science}
}

@article{r36,
	doi = {10.1111/soru.12020},
	year = 2013,
	publisher = {Wiley-Blackwell},
	author = {Michael S. Carolan},
	title = {The Wild Side of Agro-food Studies: On Co-experimentation, Politics, Change, and Hope},
	journal = {Sociologia Ruralis}
}

@article{r35,
	doi = {10.1016/s0160-791x(03)00021-6},
	year = 2003,
	publisher = {Elsevier {BV}},
	volume = {25},
	number = {2},
	pages = {193--204},
	author = {M. Callon and V. Rabeharisoa},
	title = {Research {\textquotedblleft}in the wild{\textquotedblright} and the shaping of new social identities},
	journal = {Technology in Society}
}

@article{r27,
	doi = {10.1016/j.gloenvcha.2011.11.004},
	year = 2012,
	publisher = {Elsevier {BV}},
	volume = {22},
	number = {1},
	pages = {103--114},
	author = {Emilie S. Cameron},
	title = {Securing Indigenous politics: A critique of the vulnerability and adaptation approach to the human dimensions of climate change in the Canadian Arctic},
	journal = {Global Environmental Change}
}

@article{r45,
	doi = {10.1073/pnas.1231332100},
	year = 2003,
	publisher = {Proceedings of the National Academy of Sciences},
	volume = {100},
	number = {14},
	pages = {8086--8091},
	author = {D. W. Cash and W. C. Clark and F. Alcock and N. M. Dickson and N. Eckley and D. H. Guston and J. Jager and R. B. Mitchell},
	title = {Knowledge systems for sustainable development},
	journal = {Proceedings of the National Academy of Sciences}
}

@article{r32,
	doi = {10.1175/wcas-d-13-00053.1},
	year = 2014,
	publisher = {American Meteorological Society},
	volume = {6},
	number = {4},
	pages = {445--450},
	author = {Savin S. Chand and Lynda E. Chambers and Mike Waiwai and Philip Malsale and Elisabeth Thompson},
	title = {Indigenous Knowledge for Environmental Prediction in the Pacific Island Countries},
	journal = {Weather, Climate, and Society}
}

@article{r31,
	doi = {10.1038/nclimate2199},
	year = 2014,
	publisher = {Springer Nature},
	volume = {4},
	number = {5},
	pages = {339--342},
	author = {Declan Conway and Johanna Mustelin},
	title = {Strategies for improving adaptation practice in developing countries},
	journal = {Nature Climate Change}
}

@article{r26,
	doi = {10.1177/0309132513514723},
	year = 2014,
	publisher = {{SAGE} Publications},
	volume = {38},
	number = {6},
	pages = {845--854},
	author = {B. Coombes and J. T. Johnson and R. Howitt},
	title = {Indigenous geographies {III}: Methodological innovation and the unsettling of participatory research},
	journal = {Progress in Human Geography}
}

@InBook{r29,
author = {Coombes, B. and Gombay, N. and Johnson, J. T. and Shaw, W. S.},
editor = { V. J. {del Casino} and M. E. Thomas and P. Cloke and R. Panelli},
title = {A Companion to Social Geography},
chapter = {The challenges of and from Indigenous geographies},
publisher = {Blackwell},
year = {2011},
pages = {472-489}
}




@article{r17,
	doi = {10.12924/cis2013.01020072},
	year = 2014,
	publisher = {Librello},
	volume = {1},
	number = {2},
	author = {Susan L. Cutter},
	title = {Building Disaster Resilience: Steps toward Sustainability},
	journal = {Challenges in Sustainability},
	pages={72-79}
}

@article{r33,
	doi = {10.1080/00288233.2012.747185},
	year = 2013,
	publisher = {Informa {UK} Limited},
	volume = {56},
	number = {1},
	pages = {49--59},
	author = {JR Dymond and A-GE Ausseil and RL Parfitt and A Herzig and RW McDowell},
	title = {Nitrate and phosphorus leaching in New Zealand: a national perspective},
	journal = {New Zealand Journal of Agricultural Research}
}



@article{r05,
	doi = {10.1016/j.gloenvcha.2015.02.001},
	year = 2015,
	publisher = {Elsevier {BV}},
	volume = {31},
	pages = {272--284},
	author = {{\'{A}}lvaro Fern{\'{a}}ndez-Llamazares and Isabel D{\'{\i}}az-Reviriego and Ana C. Luz and Mar Cabeza and Aili Pyh\"{a}l\"{a} and Victoria Reyes-Garc{\'{\i}}a},
	title = {Rapid ecosystem change challenges the adaptive capacity of Local Environmental Knowledge},
	journal = {Global Environmental Change}
}

@article{r38,
	doi = {10.1080/0966369x.2013.879097},
	year = 2014,
	publisher = {Informa {UK} Limited},
	volume = {22},
	number = {4},
	pages = {456--473},
	author = {Karen T. Fisher},
	title = {Positionality, subjectivity, and race in transnational and transcultural geographical research},
	journal = {Gender, Place {\&} Culture}
}

@article{r06,
	doi = {10.1016/j.gloenvcha.2005.11.007},
	year = 2006,
	publisher = {Elsevier {BV}},
	volume = {16},
	number = {2},
	pages = {145--160},
	author = {James D. Ford and Barry Smit and Johanna Wandel},
	title = {Vulnerability to climate change in the Arctic: A case study from Arctic Bay, Canada},
	journal = {Global Environmental Change}
}

@article{r34,
  title={Sediment management in the Waikato region, New Zealand},
  author={Hill, Reece},
  journal={Journal of Hydrology (NZ)},
  volume={50},
  number={1},
  pages={227-240},
  year={2011},
  publisher={New Zealand Hydrological Society}
}


@article{r10,
	doi = {10.1007/s10584-014-1288-8},
	year = 2014,
	publisher = {Springer Nature},
	volume = {128},
	number = {1-2},
	pages = {35--56},
	author = {Lisa Hiwasaki and Emmanuel Luna and  Syamsidik and Jos{\'{e}} Adriano Mar{\c{c}}al},
	title = {Local and indigenous knowledge on climate-related hazards of coastal and small island communities in Southeast Asia},
	journal = {Climatic Change}
}


@misc{r03,
author = {Hodgson, A},
title = {Traditional knowledge and Red Cross disaster preparedness in the Pacific, Red Cross and Returned Australian Youth Ambassadors for Development (RAYAD) program},
year = {2010},
url = {http://www.pacificdisaster.net/pdnadmin/data/original/}
}

@article{r22,
	doi = {10.1007/s11625-010-0117-x},
	year = 2010,
	publisher = {Springer Nature},
	volume = {6},
	number = {1},
	pages = {69--82},
	author = {Anne Jerneck and Lennart Olsson and Barry Ness and Stefan Anderberg and Matthias Baier and Eric Clark and Thomas Hickler and Alf Hornborg and Annica Kronsell and Eva Lsvbrand and Johannes Persson},
	title = {Structuring sustainability science},
	journal = {Sustainability Science}
}


@article{r21,
	doi = {10.1007/s11625-015-0349-x},
	url = {https://doi.org/10.1007%2Fs11625-015-0349-x},
	year = 2015,
	month = {dec},
	publisher = {Springer Nature},
	volume = {11},
	number = {1},
	pages = {1--11},
	author = {Jay T. Johnson and Richard Howitt and Gregory Cajete and Fikret Berkes and Renee Pualani Louis and Andrew Kliskey},
	title = {Weaving Indigenous and sustainability sciences to diversify our methods},
	journal = {Sustainability Science}
}


@article{r08,
	doi = {10.1080/03014220709510536},
	year = 2007,
	publisher = {Informa {UK} Limited},
	volume = {37},
	number = {2},
	pages = {59--73},
	author = {Darren N. T. King and James Goff and Apanui Skipper},
	title = {M{\={a}}ori environmental knowledge and natural hazards in Aotearoa-New Zealand},
	journal = {Journal of the Royal Society of New Zealand}
}


@article{r15,
	doi = {10.1007/s11027-012-9407-1},
	year = 2012,
	publisher = {Springer Nature},
	volume = {18},
	number = {7},
	pages = {1057--1076},
	author = {Louis Lebel},
	title = {Local knowledge and adaptation to climate change in natural resource-based societies of the Asia-Pacific},
	journal = {Mitigation and Adaptation Strategies for Global Change}
}

@Book{r12,
author = {Leduc, T. B.},
title = {Climate, Culture, Change: Inuit and Western Dialogues with a Warming North},
publisher = {University of Ottawa Press},
year = {2010},
address = {Ottawa, Canada}
}



@article{r07,
	doi = {10.1016/j.gloenvcha.2013.02.012},
	year = 2013,
	publisher = {Elsevier {BV}},
	volume = {23},
	number = {3},
	pages = {623--632},
	author = {Sonia Leonard and Meg Parsons and Knut Olawsky and Frances Kofod},
	title = {The role of culture and traditional knowledge in climate change adaptation: Insights from East Kimberley, Australia},
	journal = {Global Environmental Change}
}

@article{r43,
	doi = {10.1002/wat2.1009},
	year = 2013,
	publisher = {Wiley-Blackwell},
	volume = {1},
	number = {1},
	pages = {111--120},
	author = {Jamie Linton},
	title = {Modern water and its discontents: a history of hydrosocial renewal},
	journal = {Wiley Interdisciplinary Reviews: Water}
}

@article{r42,
	doi = {10.1016/j.geoforum.2014.12.008},
	year = 2015,
	publisher = {Elsevier {BV}},
	volume = {59},
	pages = {142--152},
	author = {Kirsten Maclean},
	title = {Crossing cultural boundaries: Integrating Indigenous water knowledge into water governance through co-research in the Queensland Wet Tropics, Australia},
	journal = {Geoforum}
}

@article{r09,
	doi = {10.1016/j.envhaz.2006.11.001},
	year = 2007,
	publisher = {Informa {UK} Limited},
	volume = {7},
	number = {4},
	pages = {245--256},
	author = {J Mercer and D Domineyhowes AND I. Kelman AND K. Lloyd},
	title = {The potential for combining indigenous and western knowledge in reducing vulnerability to environmental hazards in small island developing states},
	journal = {Environmental Hazards}
}

@article{r11,
	doi = {10.3384/confero.2001-4562.13v1i1129},
	year = 2013,
	publisher = {Linkoping University Electronic Press},
	volume = {1},
	number = {1},
	pages = {129--150},
	author = {Walter Mignolo},
	title = {Geopolitics of sensing and knowing: On (de)coloniality, border thinking, and epistemic disobedience},
	journal = {Confero Essays on Education Philosophy and Politics}
}

@TechReport{r16,
author = {Nakashima, D. J. AND K. Galloway McLean AND H. D. Thulstrup AND A. {Ramos Castillo} and J. T. Rubis},
title = {Weathering Uncertainty: Traditional Knowledge for Climate Change Assessment and Adaptation},
institution = {UNESCO and UNU},
year = {2012},
address = {Paris, France and Darwin, Australia},
url = {http://unesdoc.unesco.org/images/0021/002166/216613e.pdf}
}

@inBook{r13,
author = {{Odora Hoopers}, C. A.},
editor = {{Odora Hoopers}, C. A.},
title = {Indigenous Knowledge and the Integration of Knowledge Systems. Towards a Philosophy of Articulation},
chapter = {Indigenous Knowledge and the integration of knowledge systems: Towards a conceptual and methodological framework},
publisher = {New Africa Books},
year = {2002},
pages = {2-22},
address = {Cape Town, South Africa}
}

@article{r19,
	doi = {10.1016/j.futures.2014.02.002},
	year = 2015,
	publisher = {Elsevier {BV}},
	volume = {65},
	pages = {45--56},
	author = {Florin Popa and Mathieu Guillermin and Tom Dedeurwaerdere},
	title = {A pragmatist approach to transdisciplinarity in sustainability research: From complex systems theory to reflexive science},
	journal = {Futures}
}

@inbook{r25,
	doi = {10.1002/9781118845028.ch31},
	year = 2014,
	publisher = {Wiley-Blackwell},
	pages = {281--288},
	author = {Meg Parsons},
	title = {Continuity and change},
	booktitle = {Applied Studies in Climate Adaptation},
	editor = {Palutikof, J and Boulter, S and Barnett, J and Rissik, D}
}

@article{r44,
	doi = {10.1016/j.gloenvcha.2016.01.010},
	year = 2016,
	publisher = {Elsevier {BV}},
	volume = {38},
	pages = {82--96},
	author = {Meg Parsons and Johanna Nalau},
	title = {Historical analogies as tools in understanding transformation},
	journal = {Global Environmental Change}
}

@article{r20,
	doi = {10.1016/j.cosust.2015.05.002},
	year = 2015,
	publisher = {Elsevier {BV}},
	volume = {14},
	pages = {127--135},
	author = {Benjamin L Preston and Lauren Rickards and Hartmut F{u}nfgeld and Rodney J Keenan},
	title = {Toward reflexive climate adaptation research},
	journal = {Current Opinion in Environmental Sustainability}
}

@article{r37,
	doi = {10.1016/j.emospa.2014.07.003},
	year = 2015,
	publisher = {Elsevier {BV}},
	volume = {14},
	pages = {47--49},
	author = {Gerda Roelvink and Magdalena Zolkos},
	title = {Affective ontologies: Post-humanist perspectives on the self, feeling and intersubjectivity},
	journal = {Emotion, Space and Society}
}

@article{r04,
	doi = {10.1016/j.iatssr.2014.05.001},
	year = 2014,
	publisher = {Elsevier {BV}},
	volume = {38},
	number = {1},
	pages = {2--6},
	author = {Kazuhiko Takeuchi},
	title = {The ideal form of transdisciplinary research as seen from the perspective of sustainability science, considering the future development of {IATSS}},
	journal = {{IATSS} Research}
}

@article{r39,
	doi = {10.1016/j.emospa.2011.10.004},
	year = 2012,
	publisher = {Elsevier {BV}},
	volume = {5},
	number = {3},
	pages = {192--200},
	author = {Annette Watson},
	title = {I crashed the boat and wept: Localizing the {\textquotedblleft}field{\textquotedblright} in critical geographic practice},
	journal = {Emotion, Space and Society}
}

@article{r28,
	doi = {10.1007/s10708-014-9547-9},
	year = 2014,
	publisher = {Springer Nature},
	volume = {79},
	number = {6},
	pages = {721--736},
	author = {Annette Watson and Orville Huntington},
	title = {Transgressions of the man on the moon: climate change, Indigenous expertise, and the posthumanist ethics of place and space},
	journal = {{GeoJournal}}
}

@article{r14,
	doi = {10.1007/s11625-015-0296-6},
	year = 2015,
	publisher = {Springer Nature},
	volume = {11},
	number = {1},
	pages = {25--32},
	author = {Kyle Powys Whyte and Joseph P. Brewer and Jay T. Johnson},
	title = {Weaving Indigenous science, protocols and sustainability science},
	journal = {Sustainability Science}
}

@article{r46,
	doi = {10.1007/s11625-013-0208-6},
	year = 2013,
	publisher = {Springer Nature},
	volume = {9},
	number = {4},
	pages = {497--512},
	author = {Arnim Wiek and David Iwaniec},
	title = {Quality criteria for visions and visioning in sustainability science},
	journal = {Sustainability Science}
}



@InBook{r40,
author = {Stake, R. E.},
editor = {N. K. Denzin and Y. S. Lincoln},
title = {Strategies of Qualitative Inquiry},
chapter = {Case Studies},
publisher = {Sage Publications},
year = {2003},
address = {Thousand Oaks, CA, USA},
pages = {134-164}
}

@InBook{r41,
author = {Elwood, S.},
editor = {D. Delyser and S. Herbert and S. Aitken and M. Crang and L. McDowell},
title = {The SAGE Handbook of Qualitative Geography},
chapter = {Mixed methods: thinking, doing, and asking in multiple ways},
publisher = {SAGE},
year = {2010},
address = {London, UK},
pages = {94-115}
}
