@inbook{r01,
	doi = {10.2495/sc120051},
	year = 2012,
	publisher = {{WITPRESS} {LTD}.},
	address = {Southampton, UK},
	author = {R. Cocci Grifoni and R. D'Onofrio and M. Sargolini},
	chapter = {In search of new paradigms to interpret and design the contemporary city},
	title = {The Sustainable City {VII}},
	editor = {M. Pacetti and G. Passerini and C. A. Brebbia and G. Latini},
	pages = {47--58}
}

@Book{r02,
author = {Habitat, UN},
title = {State of the world's cities 2012/2013: Prosperity of cities},
publisher = {Routledge},
year = {2013},
address = {London, UK}
}

@InBook{r03,
author = {Piccolo, FL and Schilleci, F.},
editor = {Magnaghi A.},
title = {Scenari strategici. Visioni identitarie per il progetto di territorio},
chapter = {Scenari aggregati e identità locali latenti},
publisher = {Alinea},
year = {2007},
address = {Firenze, Italy},
pages = {\hl{Please provide the page range}}
}

@Book{r04,
author = {Raffestin, C},
title = {Dalla nostalgia del territorio al desiderio di paesaggio. Elementi per una teoria del paesaggio},
publisher = {Alinea},
year = {2005},
address = {Firenze, Italy}
}

@Book{r05,
author = {Bauman, Z},
title = {La solitudine del cittadino globale},
publisher = {UE Feltrinelli},
year = {2008},
address = {Milan, Italy}
}

@book{r06,
	doi = {10.1007/978-88-470-2880-7},
	year = 2013,
	publisher = {Springer Nature},
	author = {Massimo Sargolini},
	title = {Urban Landscapes},
	address = {Berlin, Germany}
}

@article{r07,
	doi = {10.2307/2578834},
	year = 1986,
	publisher = {{JSTOR}},
	volume = {64},
	number = {3},
	pages = {816--818},
	author = {Morton Rubin and Manuel Castells},
	title = {The City and the Grassroots},
	journal = {Social Forces}
}

@article{r08,
	doi = {10.1108/bl.2001.17014cae.003},
	year = 2001,
	publisher = {Emerald},
	volume = {14},
	number = {3},
	author = {Brad Eden},
	title = {The Rise of the Network Society. The Information Age: Economy, Society and Culture, Vol. 1, 2nd ed.},
	journal = {The Bottom Line}
}

@book{r09,
	year = 2002,
	publisher = {Il Mulino},
	author = {Nuvolati, G},
	title = {Popolazioni in movimento. Città in trasformazione},
	address = {Bologna, Italy}
}

@book{r10,
	year = 2006,
	publisher = {Il Mulino},
	author = {Osti, G},
	title = {Nuovi asceti: consumatori, imprese e istituzioni di fronte alla crisi ambientale},
	address = {Bologna, Italy}
}

@book{r11,
	year = 2006,
	publisher = {Città Aperta},
	author = {Merlo, V.},
	title = {Voglia di campagna: neoruralismo e città},
	address = {\hl{City}, Italy}
}

@book{r12,
	year = 2005,
	publisher = {Kappa Edizioni},
	author = {Sargolini, M.},
	title = {Paesaggio. Territorio del dialogo},
	address = {Rome, Italy}
}

@article{r13,
	doi = {10.1080/01426390601004343},
	year = 2006,
	publisher = {Informa {UK} Limited},
	volume = {31},
	number = {4},
	pages = {363--384},
	author = {Maguelonne D{\'{e}}jeant-Pons},
	title = {The European Landscape Convention},
	journal = {Landscape Research}
}

@book{r14,
	doi = {10.4324/9781315787497},
	year = 2008,
	editor = {Adam Ritchie and Randall Thomas},
	publisher = {Taylor \& Francis},
	address = {London, UK},
	title = {Sustainable Urban Design}
}
 
@article{r15,
	doi = {10.5751/es-01639-110134},
	year = 2006,
	publisher = {Resilience Alliance, Inc.},
	volume = {11},
	number = {1},
	author = {Erik Andersson},
	title = {Urban Landscapes and Sustainable Cities},
	journal = {Ecology and Society}
}
 
@article{r16,
	doi = {10.1080/01944360802540422},
	year = 2008,
	publisher = {Informa {UK} Limited},
	volume = {75},
	number = {1},
	pages = {97--98},
	author = {Adam Ritchie},
	title = {Sustainable Urbanism: Urban Design With Nature},
	journal = {Journal of the American Planning Association}
}
 
@article{r17,
	doi = {10.1136/bmj.38575.664549.f7},
	year = 2005,
	publisher = {{BMJ}},
	volume = {331},
	number = {7517},
	pages = {611--612},
	author = {A. Ellaway},
	title = {Graffiti, greenery, and obesity in adults: secondary analysis of European cross sectional survey},
	journal = {{BMJ}}
}
 
@article{r18,
	doi = {10.1016/j.ufug.2007.07.001},
	year = 2007,
	publisher = {Elsevier {BV}},
	volume = {6},
	number = {4},
	pages = {199--212},
	author = {Ma.D. Velarde and G. Fry and M. Tveit},
	title = {Health effects of viewing landscapes {\textendash} Landscape types in environmental psychology},
	journal = {Urban Forestry {\&} Urban Greening}
}

@article{r19,
	doi = {10.2307/490490},
	year = 1995,
	publisher = {{JSTOR}},
	volume = {77},
	number = {2},
	pages = {152},
	author = {Bertil Vilhelmson and R. J. Johnston and D. Gregory and D. M. Smith},
	title = {The Dictionary of Human Geography},
	journal = {Geografiska Annaler. Series B, Human Geography}
}

@TechReport{r20,
title = {Ensuring quality of life in Europe's cities and towns. Tackling the environmental challenges driven by European and global change},
institution = {European Environment Agency},
year = {2009},
number = {Report 5},
address = {Copenhagen, Denmark}
}

@article{r21,
	doi = {10.2307/2621529},
	year = 1987,
	publisher = {{JSTOR}},
	volume = {64},
	number = {1},
	pages = {126},
	author = {R. H. Cassen},
	title = {Our Common Future: Report of the World Commission on Environment and Development},
	journal = {International Affairs (Royal Institute of International Affairs 1944-)}
}

@inbook{r22,
	doi = {10.1007/978-3-319-05410-0\_34},
	year = 2014,
	publisher = {Springer Nature},
	pages = {299--306},
	author = {Massimo Sargolini},
	chapter = {Urban Landscapes and Nature in Planning and Spatial Strategies},
	title = {Nature Policies and Landscape Policies},
	editor = {\hl{NAME of EDITOR}}
}
 
@article{r23,
	doi = {10.1016/s0921-8009(02)00089-7},
	year = 2002,
	publisher = {Elsevier {BV}},
	volume = {41},
	number = {3},
	pages = {393--408},
	author = {Rudolf S de Groot and Matthew A Wilson and Roelof M.J Boumans},
	title = {A typology for the classification, description and valuation of ecosystem functions, goods and services},
	journal = {Ecological Economics}
}

@article{r24,
	doi = {10.1021/es902597u},
	year = 2010,
	publisher = {American Chemical Society ({ACS})},
	volume = {44},
	number = {5},
	pages = {1530--1536},
	author = {Stephen J. Jordan and Sharon E. Hayes and David Yoskowitz and Lisa M. Smith and J. Kevin Summers and Marc Russell and William H. Benson},
	title = {Accounting for Natural Resources and Environmental Sustainability: Linking Ecosystem Services to Human Well-Being},
	journal = {Environmental Science {\&} Technology}
}

@Book{r25,
author = {Assessment, ME},
title = {Ecosystems and human well-being},
publisher = {Island Press},
year = {2003},
address = {Washington, DC, USA}
}

@article{r26,
	doi = {10.1016/j.envres.2016.02.018},
	year = 2016,
	publisher = {Elsevier {BV}},
	volume = {147},
	pages = {576--579},
	author = {Raffaele Lafortezza and Jiquan Chen},
	title = {The provision of ecosystem services in response to global change: Evidences and applications},
	journal = {Environmental Research}
}

@article{r27,
	doi = {10.1023/a:1014354923367},
	year = 1997,
	publisher = {Springer Nature},
	volume = {1},
	number = {1},
	pages = {3--19},
	author = {D. B. Botkin and C. E. Beveridge},
	journal = {Urban Ecosystems}
}

@inbook{r28,
	doi = {10.1515/9783038210146-006},
	publisher = {Walter de Gruyter {GmbH}},
	author = {Kees Christiaanse},
	chapter = {Green Urbanism Models of a Dense and Green Urban Context},
	title = {Dense + Green},
	editor = {\hl{Name of Editor}}
}

@article{r29,
author = { Karen   Horwood },
title = {Green infrastructure: reconciling urban green space and regional economic development: lessons learnt from experience in England's north-west region},
journal = {Local Environment},
volume = {16},
number = {10},
pages = {963-975},
year = {2011},
doi = {10.1080/13549839.2011.607157}
}

@book{r30,
	year = 2005,
	publisher = {Baldini Castoldi Dalai},
	author = {Basilico, G and Madesani, A.},
	title = {Scattered city},
	address = {\hl{City, Country}}
}

@book{r31,
	doi = {10.1017/cbo9780511754982},
	year = 2008,
	publisher = {Cambridge University Press ({CUP})},
	author = {Richard T. T. Forman},
	title = {Urban Regions},
	address = {Cambridge, UK}
}

@article{r32,
	doi = {10.1007/s10464-010-9404-z},
	year = 2011,
	publisher = {Wiley-Blackwell},
	volume = {47},
	number = {3-4},
	pages = {374--387},
	author = {Heather A. Okvat and Alex J. Zautra},
	title = {Community Gardening: A Parsimonious Path to Individual, Community, and Environmental Resilience},
	journal = {American Journal of Community Psychology}
}

@article{r33,
	doi = {10.15365/cate.2182009},
	year = 2009,
	publisher = {Loyola Marymount University},
	volume = {2},
	number = {1},
	pages = {1--18},
	author = {Marianne E. Krasny and Keith G. Tidball},
	title = {Community Gardens as Contexts for Science, Stewardship, and Civic Action Learning},
	journal = {Cities and the Environment}
}

@article{r34,
	doi = {10.1111/1467-9515.t01-1-00253},
	year = 2001,
	publisher = {Wiley-Blackwell},
	volume = {35},
	number = {5},
	pages = {559--568},
	author = {John Ferris and Carol Norman and Joe Sempik},
	title = {People, Land and Sustainability: Community Gardens and the Social Dimension of Sustainable Development},
	journal = {Social Policy {\&} Administration}
}


@article{r35,
	doi = {10.1016/s1353-8292(00)00013-7},
	year = 2000,
	publisher = {Elsevier {BV}},
	volume = {6},
	number = {4},
	pages = {319--327},
	author = {Donna Armstrong},
	title = {A survey of community gardens in upstate New York: Implications for health promotion and community development},
	journal = {Health {\&} Place}
}
 

@article{r36,
	doi = {10.1249/mss.0b013e3181cea27a},
	year = 2010,
	publisher = {Ovid Technologies (Wolters Kluwer Health)},
	volume = {42},
	number = {3},
	pages = {513--519},
	author = {NILDA G. COSCO and ROBIN C. MOORE and MOHAMMED Z. ISLAM},
	title = {Behavior Mapping},
	journal = {Medicine {\&} Science in Sports {\&} Exercise}
}


@article{r37,
	doi = {10.1289/ehp.113-a657b},
	year = 2005,
	publisher = {Environmental Health Perspectives},
	volume = {113},
	number = {10},
	pages = {A657--A657},
	author = {Howard Frumkin},
	title = {{\textquotedblleft}Broken Windows{\textquotedblright}: Frumkin Responds},
	journal = {Environmental Health Perspectives}
}

@Book{r38,
author = {Kaplan, R and Kaplan, S and Ryan, R.},
title = {With people in mind: Design and management of everyday nature},
publisher = {Island Press},
year = {1998},
address = {Washington, DC, USA}
}



@article{r39,
	doi = {10.12924/cis2016.04010001},
	year = 2016,
	publisher = {Librello},
	volume = {4},
	number = {1},
	author = {Francois Mancebo and Sylvie Salles},
	title = {Urban Agriculture: Fostering the Urban-Rural Continuum},
	journal = {Challenges in Sustainability}
}
 


@book{r40,
	doi = {10.1007/978-0-387-75510-6},
	year = 2008,
	publisher = {Springer Nature},
	author = {Marina Alberti},
	title = {Advances in Urban Ecology},
	address = {Berlin, Germany}
}
 
@book{r41,
  title={Green Infrastructure: Smart conservation for the 21st century},
  author={Benedict, Mark A and McMahon, Edward T},
  publisher={Sprawl Watch Clearinghouse},
  address={Washington, DC, USA},
  year={2002},
  url={http://www.sprawlwatch.org/greeninfrastructure.pdf}
}
 

@article{r42,
	doi = {10.3828/tpr.2014.35},
	year = 2014,
	publisher = {Liverpool University Press},
	volume = {85},
	number = {5},
	pages = {563--587},
	author = {Mick Lennon and Mark Scott},
	title = {Delivering ecosystems services via spatial planning: reviewing the possibilities and implications of a green infrastructure approach},
	journal = {Town Planning Review}
}

@Book{r43,
author = {Sargolini, M and Cinquini, F and Perna, P.},
title = {Reti Ecologiche e Siti Natura 2000},
publisher = {Edizioni Kappa},
year = {2006},
address = {Rome, Italy}
}


@book{r44,
	doi = {10.1007/978-3-642-30529-0},
	year = 2013,
	publisher = {Springer Nature},
	editor = {Kjell Nilsson and Stephan Pauleit and Simon Bell and Carmen Aalbers and Thomas A. Sick Nielsen},
	title = {Peri-urban futures: Scenarios and models for land use change in Europe}
}

@book{r45,
	doi = {10.4324/9781315720968},
	year = 2016,
	publisher = {Informa {UK} Limited},
	title = {Global Green Infrastructure},
	address = {\hl{City, Country}}
}

@Book{r46,
author = {Benedict, MA and McMahon, ET},
title = {Green Infrastructure, Linking Landscapes and Communities},
publisher = {Island Press},
year = {2006},
address = {Washington, DC, USA}
}

@InBook{r47,
author = {Ian Mell},
editor = {Danielle Sinnett and Nicholas Smith and Sarah Burgess},
title = {Handbook on Green Infrastructure---Planning, Design and Implementation},
chapter = {Green infrastructure planning: Policy and objectives },
publisher = {Edward Elgar Publishing},
year = {2015},
address = {Cheltenham, UK},
pages = {105–123},
doi = {10.4337/9781783474004.00013}
}

@TechReport{r48,
title = {Towards a Green Infrastructure for Europe. Developing new concepts for integration of Natura 2000 network  into a broader countryside},
institution = {European Comission},
year = {2000},
number = {ENV.B.2/SER/2007/0076},
url = {http://www.green-infrastructure-europe.org/}
}

@article{r49,
	doi = {10.3832/ifor0723-006},
	year = 2013,
	publisher = {Italian Society of Sivilculture and Forest Ecology ({SISEF})},
	volume = {6},
	number = {2},
	pages = {102--108},
	author = {R Lafortezza and C Davies and G Sanesi and CC Konijnendijk},
	title = {Green Infrastructure as a tool to support spatial planning in European urban regions},
	journal = {{iForest} - Biogeosciences and Forestry}
}

 
@book{r50,
	doi = {10.1007/978-94-017-9532-6},
	year = 2015,
	publisher = {Springer Nature},
	editor = {Fran{\c{c}}ois Mancebo and Ignacy Sachs},
	title = {Transitions to Sustainability},
	address={Berlin, Germany}
}

  
@Article{r51,
author = {Mancebo, F.},
title = {It's not only city design---We need to integrate sustainability across the rural-urban continuum},
journal = {The Nature of the Cities},
year = {2015},
url = {http://www.thenatureofcities.com/?p=5944}
}



@article{r52,
	doi = {10.1093/cdj/bst087},
	year = 2014,
	publisher = {Oxford University Press ({OUP})},
	volume = {49},
	number = {4},
	pages = {508--523},
	author = {D. Vitiello and L. Wolf-Powers},
	title = {Growing food to grow cities? The potential of agriculture foreconomic and community development in the urban United States},
	journal = {Community Development Journal}
}

 
@book{r53,
	doi = {10.1007/978-3-319-05410-0},
	year = 2015,
	publisher = {Springer Nature},
	editor = {Roberto Gambino and Attilia Peano},
	title = {Nature Policies and Landscape Policies},
	address={Berlin, Germany}
}
 
@InProceedings{r54,
 author = {Price C, Tsouros A},
 title = {Our cities, our future: policies and action plans for health and sustainable development},
 booktitle = {International Healthy and Ecological Cities Congress},
 pages = {\hl{Page range}},
 year = {1996},
 address = {\hl{City, Country}},
 month = {\hl{Date of the Conference}}
 }
  
@TechReport{r55,
author = {Kawka, R and Artmann, J and Huttenloher, C and Scholze, J.},
title = {Partnership for sustainable rural-urban development: Existing evidences},
institution = {Federal Institute for Research on Building, Urban Affairs, and Spatial Development and Federal Office for Building and Regional Planning},
year = {2011},
number = {Report for Dg Regio Project CE.16.0.AT.017},
address = {Berlin, Germany},
url = {http://bookshop.europa.eu/en/partnership-for-sustainable-rural-urban-development-existing-evidences-pbKN3213305/}
}



@article{r56,
	doi = {10.1080/18626033.2006.9723371},
	year = 2006,
	publisher = {Informa {UK} Limited},
	volume = {1},
	number = {2},
	pages = {36--45},
	author = {Pierre Donadieu},
	title = {Landscape Urbanism in Europe: From Brownfields to Sustainable Urban Development},
	journal = {Journal of Landscape Architecture}
}

@Book{r57,
author = {Piccolo, FL},
title = {Progettare le identità del territorio. Piani e interventi per uno sviluppo locale autosostenibile nel paesaggio agricolo della Valle dei Templi di Agrigento},
publisher = {Alinea},
year = {2009},
address = {Firenze, Italy}
}


@book{r58,
	doi = {10.1017/cbo9780511754982},
	year = 2008,
	publisher = {Cambridge University Press ({CUP})},
	author = {Richard T. T. Forman},
	title = {Urban Regions},
	address = {Cambridge, UK}
}
 

@article{r59,
	doi = {10.1504/ijssoc.2011.043641},
	year = 2011,
	publisher = {Inderscience Publishers},
	volume = {3},
	number = {4},
	pages = {431},
	author = {Ian C. Mell},
	title = {The changing focus of England s Community Forest programme and its use of a green infrastructure approach to multi-functional landscape planning},
	journal = {International Journal of Sustainable Society}
}


@article{r60,
	author = { Karen   Horwood },
	title = {Green infrastructure: reconciling urban green space and regional economic development: lessons learnt from experience in England's north-west region},
	journal = {Local Environment},
	volume = {16},
	number = {10},
	pages = {963-975},
	doi = {10.1080/13549839.2011.607157},
	year = 2011,
}

@InProceedings{r61,
author = {Burkhalter, L and Castells, M},
title = {Beyond the Crisis: towards a new urban paradigm},
booktitle = {4th International Conference of the International Forum on Urbanism (IFoU)},
year = {2009},
address = {Amsterdam and Delft, the Netherlands},
month = {\hl{Day, Month}}
}

@Book{r62,
editor = {Gambino, R and Sargolini, M},
title = {Mountain Landscapes. A Decision Support System for the Accessibility},
publisher = {List Lab},
year = {2013},
address = {Trento, Italy}
}

@book{mr01,
  title={Millennium Ecosystem Assessment: ecosystems and human well-being: Synthesis},
  author={Samper, Cristi{\'a}n and Scholes, Robert and Watson, Robert T and Zakri, AH and Shidong, Zhao and Ash, Neville J and Bennett, Elena and Kumar, Pushpam and Lee, Marcus J and Raudsepp-Hearne, Ciara and others},
  year={2005},
  publisher={Island Press},
  address={Washington, DC, USA}
}
