@book{r01,
  title={Commun: essai sur la r{\'e}volution au XXIe si{\`e}cle},
  author={Dardot, Pierre and Laval, Christian},
  year={2015},
  publisher={la D{\'e}couverte},
  address={Paris, France}
}

@book{r02,
  title={Campagnes Urbaines},
  author={Pierre Donadieu},
  publisher={Actes Sud},
  year={1998},
  address={Arles, France}
}

@book{r03,
  title={Sciences du paysage: entre th{\'e}ories et pratiques},
  author={Donadieu, Pierre},
  year={2012},
  publisher={Lavoisier},
  address={Paris, France}
}

@book{r04,
  title={Paysages en commun. Pour une {\'e}thique des mondes v{\'e}cus},
  author={Donadieu, Pierre},
  year={2014},
  publisher={Presses Universitaires de Valenciennes};
  address={Valenciennes, France}
}

@Article{r05,
author = {Pierre Donadieu and Elisabeth Remy and Michel-Claude Girard},
title = {Les sols peuvent-ils devenir des biens communs?},
journal = {Nature, Science, Société},
year = {\textit{in press}}
}


@book{r07,
  title={Multifonctionnalit{\'e} de l'agriculture p{\'e}riurbaine: vers une agriculture du projet urbain},
  author={Fleury, Andr{\'e}},
  year={2005},
  publisher={INRA-CEMAGREF-CIRAD},
  number = {5},
}

@book{r08,
  title={Le capitalisme contre le droit {\`a} la ville: N{\'e}olib{\'e}ralisme, urbanisation, r{\'e}sistances},
  author={Harvey, David and Le Roy, Cyril and Vieillescazes, Nicolas and Garrot, Cl{\'e}mence},
  year={2011},
  publisher={Ed. Amsterdam},
  address={Paris, France}
}

@book{r09,
  title={Governing the commons: The evolution of institutions for collective action},
  author={Elinor Ostrom},
  year={1990},
  publisher={Cambridge University Press},
  address={Cambridge, UK}
}

@book{r11,
  title={Interfaces: agricultures et villes {\`a} l'Est et au Sud de la M{\'e}diterran{\'e}e},
  author={Nasr, Joe and Padilla, Martine},
  year={2004},
  publisher={Delta},
  address={Guildford, UK}
}

@article{r12,
  title={The tragedy of the commons},
  author={Hardin, Garrett},
  journal={science},
  volume={162},
  number={3859},
  pages={1243--1248},
  year={1968},
  publisher={American Association for the Advancement of Science}
}

@Misc{n01,
title = {Resource Centres  Urban Agriculture \& Food Security (RUAF)},
url = {http://www.ruaf.org/publications/books-and-papers}
}


@Misc{n02,
title = {See: \url{http://www.paris.fr/services-et-infos-pratiques/environnement-et-espaces-verts/nature-et-espaces-verts/les-jardins-partages-203}. The gardens of associations of dwellers are often located on plots of the city of Paris.}
}