@article{r01,
	title = {Dilemmas in a general theory of planning},
	volume = {4},
	issn = {0032-2687, 1573-0891},
	doi = {10.1007/BF01405730},
	language = {en},
	number = {2},
	urldate = {2016-07-21},
	journal = {Policy Sciences},
	author = {Rittel, Horst W. J. and Webber, Melvin M.},
	year = {1973},
	pages = {155--169}
}
@book{r02,
	address = {New York, NY, USA},
	title = {The death and life of great {American} cities},
	isbn = {978-0-679-74195-4},
	publisher = {Vintage Books},
	author = {Jacobs, Jane},
	year = {1992},
	annote = {Originally published: New York : Random House, [1961] Includes index}
}
@article{r03,
	title = {None {Dare} {Call} it {Hubris}: {The} {Limits} of {Knowledge}},
	volume = {23},
	number = {2},
	journal = {Issues in Science and Technology},
	author = {Crow, Michael},
	year = {2007},
	pages = {1--4}
}
@article{r04,
	title = {Science's new social contract with society},
	volume = {402},
	issn = {0028-0836},
	doi = {10.1038/35011576},
	number = {6761 Suppl},
	journal = {Nature},
	author = {Gibbons, M.},
	year = {1999},
	pmid = {10591229},
	pages = {C81--84}
}
@article{r05,
	title = {Re-{Thinking} {Science}: {Knowledge} and the {Public} in an {Age} of {Uncertainty}},
	volume = {32},
	issn = {00943061},
	shorttitle = {Re-{Thinking} {Science}},
	doi = {10.2307/3089636},
	number = {2},
	urldate = {2016-07-21},
	journal = {Contemporary Sociology},
	author = {Linder, Fletcher and Spear, Joe and Nowotny, Helga and Scott, Peter and Gibbons, Michael},
	year = {2003},
	pages = {255}
}
@book{r06,
	address = {New York, NY, USA},
	title = {Science speaks to power: the role of experts in policy making},
	isbn = {978-0-312-70274-8},
	shorttitle = {Science speaks to power},
	publisher = {St. Martin's Press},
	author = {Collingridge, David and Reeve, Colin},
	year = {1986},
}
@article{r07,
	title = {Working {Towards} {Sustainable} {Development} in the {Face} of {Uncertainty} and {Incomplete} {Knowledge}},
	volume = {9},
	issn = {1523-908X, 1522-7200},
	doi = {10.1080/15239080701622774},
	language = {en},
	number = {3-4},
	urldate = {2016-07-21},
	journal = {Journal of Environmental Policy \& Planning},
	author = {Grunwald, Armin},
	year = {2007},
	pages = {245--262}
}
@article{r08,
	title = {Decision making and knowledge management in inquiring organizations: toward a new decision-making paradigm for {DSS}},
	volume = {31},
	issn = {01679236},
	shorttitle = {Decision making and knowledge management in inquiring organizations},
	doi = {10.1016/S0167-9236(00)00117-2},
	language = {en},
	number = {1},
	urldate = {2016-07-21},
	journal = {Decision Support Systems},
	author = {Courtney, James F},
	year = {2001},
	pages = {17--38}
}
@article{r09,
	title = {What kind of a science is sustainability science?},
	volume = {108},
	issn = {0027-8424, 1091-6490},
	doi = {10.1073/pnas.1116097108},
	language = {en},
	number = {49},
	urldate = {2016-07-21},
	journal = {Proceedings of the National Academy of Sciences},
	author = {Kates, R. W.},
	year = {2011},
	pages = {19449--19450}
}
@article{r10,
	title = {Sustainability science: {The} emerging research program},
	volume = {100},
	issn = {0027-8424, 1091-6490},
	shorttitle = {Sustainability Science},
	doi = {10.1073/pnas.1231333100},
	language = {en},
	number = {14},
	urldate = {2016-07-21},
	journal = {Proceedings of the National Academy of Sciences},
	author = {Clark, W. C. and Dickson, N. M.},
	year = {2003},
	pages = {8059--8061}
}
@article{r11,
	title = {Science for the post-normal age},
	volume = {25},
	issn = {00163287},
	doi = {10.1016/0016-3287(93)90022-L},
	language = {en},
	number = {7},
	urldate = {2016-07-21},
	journal = {Futures},
	author = {Funtowicz, Silvio O. and Ravetz, Jerome R.},
	year = {1993},
	pages = {739--755}
}
@article{r12,
	title = {Sustainability: {Demands} on {Policy}},
	volume = {16},
	issn = {0143-814X, 1469-7815},
	shorttitle = {Sustainability},
	doi = {10.1017/S0143814X00007789},
	language = {en},
	number = {03},
	urldate = {2016-07-21},
	journal = {Journal of Public Policy},
	author = {Dovers, Stephen R.},
	year = {1996},
	pages = {303}
}
@book{r13,
	address = {Amsterdam, The Netherlands},
	series = {Developments in integrated environmental assessment},
	title = {Environmental modelling, software and decision support: state of the art and new perspectives},
	isbn = {978-0-08-056886-7},
	shorttitle = {Environmental modelling, software and decision support},
	number = {v. 3},
	publisher = {Elsevier},
	editor = {Jakeman, A. J.},
	year = {2008}
}
@article{r14,
	title = {Operationalising sustainability science for a sustainability directive? {Reflecting} on three pilot projects},
	volume = {173},
	issn = {0016-7398, 1475-4959},
	shorttitle = {Operationalising sustainability science for a sustainability directive?},
	doi = {10.1111/j.1475-4959.2007.00258.x},
	language = {en},
	number = {4},
	urldate = {2016-07-21},
	journal = {The Geographical Journal},
	author = {Blackstock, K L and Carter, C E},
	year = {2007},
	pages = {343--357}
}
@book{r15,
	title = {Sustainability: {A} {Philosophy} of {Adaptive} {Ecosystem} {Management}},
	isbn = {978-0-226-59521-4 978-0-226-59519-1 978-0-226-59522-1},
	shorttitle = {Sustainability},
	language = {en},
	publisher = {University of Chicago Press},
	accredd = {Chicago, IL, USA},
	author = {Norton, Bryan G.},
	year = {2005}
}
@article{r16,
	title = {Incorporating values into sustainability decision-making},
	volume = {105},
	issn = {09596526},
	doi = {10.1016/j.jclepro.2015.04.014},
	language = {en},
	urldate = {2016-07-22},
	journal = {Journal of Cleaner Production},
	author = {Martin, Lawrence},
	year = {2015},
	pages = {146--156}
}
@book{r17,
	address = {Washington, DC, USA},
	title = {Wicked environmental problems: managing uncertainty and conflict},
	isbn = {978-1-59726-474-7 978-1-59726-475-4},
	shorttitle = {Wicked environmental problems},
	publisher = {Island Press},
	editor = {Balint, Peter J.},
	year = {2011},
}
@article{r18,
	doi = {10.1162/152638003322757916},
	year = {2003},
	publisher = {{MIT} Press - Journals},
	volume = {3},
	number = {4},
	pages = {24--41},
	author = {Karin Bäckstrand},
	title = {Civic Science for Sustainability: Reframing the Role of Experts, Policy-Makers and Citizens in Environmental Governance},
	journal = {Global Environmental Politics}
}
@article{r19,
	doi = {10.1007/s11625-011-0148-y},
	year = {2012},
	publisher = {Springer Nature},
	volume = {7},
	number = {S1},
	pages = {5--24},
	author = {Arnim Wiek and Barry Ness and Petra Schweizer-Ries and Fridolin S. Brand and Francesca Farioli},
	title = {From complex systems analysis to transformational change: a comparative appraisal of sustainability science projects},
	journal = {Sustainability Science}
}
@article{r20,
	title = {Boosting biofuel crops could threaten food security},
	volume = {370},
	issn = {01406736},
	doi = {10.1016/S0140-6736(07)61427-5},
	language = {en},
	number = {9591},
	urldate = {2016-07-21},
	journal = {The Lancet},
	author = {Boddiger, David},
	year = {2007},
	pages = {923--924}
}
@inbook{r21,
	address = {New York, NY, USA},
	title = {Cities as {Dissipative} {Structures}: {Global} {Change} and the {Vulnerability} of {Urban} {Civilization}},
	isbn = {978-1-4614-3187-9 978-1-4614-3188-6},
	shorttitle = {Cities as {Dissipative} {Structures}},
	language = {en},
	title = {Sustainability {Science}},
	publisher = {Springer New York},
	author = {Rees, William E.},
	editor = {Weinstein, Michael P. and Turner, R. Eugene},
	year = {2012},
	pages = {247--273}
}
@article{r22,
	title = {World view: {Politicize} me},
	volume = {467},
	issn = {0028-0836, 1476-4687},
	shorttitle = {World view},
	doi = {10.1038/467026a},
	number = {7311},
	urldate = {2016-07-21},
	journal = {Nature},
	author = {Sarewitz, Daniel},
	year = {2010},
	pages = {26--26}
}
@book{r23,
	address = {Chichester, UK},
	title = {Dialogue mapping: building shared understanding of wicked problems},
	isbn = {978-0-470-01768-5},
	shorttitle = {Dialogue mapping},
	publisher = {Wiley},
	author = {Conklin, E. Jeffrey},
	year = {2006}
}
@book{r24,
	address = {Philadelphia, PA, USA},
	title = {Divided we stand: redefining politics, technology, and social choice},
	isbn = {978-0-8122-1319-5 978-0-8122-8233-7},
	shorttitle = {Divided we stand},
	language = {eng},
	publisher = {Univ. of Pennsylvania Press},
	author = {Schwarz, Michiel and Thompson, Michael},
	year = {1990}
}
@book{r25,
	address = {Durham, NC, USA},
	title = {Citizens, experts, and the environment: The politics of local knowledge},
	isbn = {978-0-8223-2628-1 978-0-8223-2622-9},
	shorttitle = {Citizens, experts, and the environment},
	publisher = {Duke University Press},
	author = {Fischer, Frank},
	year = {2000},
}
@book{r26,
	title = {Dialogue sur 2 systèmes de sociologie},
	publisher = {Confrontations},
	author = {Latour, Bruno},
	year = {2004},
	address = {Paris, France}
}
@inbook{r27,
	address = {London, UK},
	title = {May the {Sheep} {Safely} {Graze}? {A} {Reflexive} {View} of the {Expert}---{Lay} {Knowledge} {Divide}},
	isbn = {978-0-8039-7938-3 978-1-4462-2198-3},
	title = {Risk, {Environment} and {Modernity}: {Towards} a {New} {Ecology}},
	publisher = {SAGE Publications Ltd},
	author = {Wynne, Brian},
	year = {1998},
	pages = {44--83}, 
	editor= {Scott Lash and Bronislaw Szerszynski and Brian Wynne}
}
@book{r28,
	address = {Washington, DC, USA},
	title = {Cities for people},
	isbn = {978-1-59726-573-7 978-1-59726-574-4},
	publisher = {Island Press},
	author = {Gehl, Jan},
	year = {2010}
}
@article{r29,
	title = {Between consensus and compromise: Acknowledging the negotiation dimension in participatory approaches},
	volume = {23},
	issn = {02648377},
	shorttitle = {Between consensus and compromise},
	doi = {10.1016/j.landusepol.2004.09.001},
	language = {en},
	number = {1},
	urldate = {2016-07-21},
	journal = {Land Use Policy},
	author = {van den Hove, Sybille},
	year = {2006},
	pages = {10--17}
}
@article{r30,
	title = {Sustainability science: {The} emerging research program},
	volume = {100},
	issn = {0027-8424, 1091-6490},
	shorttitle = {Sustainability science},
	doi = {10.1073/pnas.1231333100},
	language = {en},
	number = {14},
	urldate = {2016-07-21},
	journal = {Proceedings of the National Academy of Sciences},
	author = {Clark, W. C. and Dickson, N. M.},
	year = {2003},
	pages = {8059--8061}
}	
	
	
@article{r31,
	title = {Entering the {Century} of the {Environment}: {A} {New} {Social} {Contract} for {Science}},
	volume = {279},
	issn = {00368075, 10959203},
	shorttitle = {Entering the {Century} of the {Environment}},
	doi = {10.1126/science.279.5350.491},
	number = {5350},
	urldate = {2016-07-21},
	journal = {Science},
	author = {Lubchenco, J.},
	year = {1998},
	pages = {491--497}
}
@article{r32,
	title = {Critical {Challenges} for {Sustainability} {Science}},
	volume = {297},
	issn = {00368075, 10959203},
	doi = {10.1126/science.297.5589.1994},
	number = {5589},
	urldate = {2016-07-21},
	journal = {Science},
	author = {Swart, R.},
	year = {2002},
	pages = {1994--1995}
}
@article{r33,
	title = {Sustainability: {Science} or {Fiction}?},
	volume = {35},
	issn = {0360-8581},
	shorttitle = {Sustainability},
	doi = {10.1109/EMR.2007.4296430},
	number = {3},
	urldate = {2016-07-22},
	journal = {IEEE Engineering Management Review},
	author = {Martens, Pim},
	year = {2007},
	pages = {70--70}
}
@article{r34,
author = {Cash, David W. and Clark, William C. and Alcock, Frank and Dickson, Nancy M. and Eckley, Noelle and Guston, David H. and Jäger, Jill and Mitchell, Ronald B.}, 
title = {Knowledge systems for sustainable development},
volume = {100}, 
number = {14}, 
pages = {8086-8091}, 
year = {2003}, 
doi = {10.1073/pnas.1231332100}, 
URL = {http://www.pnas.org/content/100/14/8086.abstract}, 
journal = {Proceedings of the National Academy of Sciences} 
}

@article{r35,
	title = {Structuring sustainability science},
	volume = {6},
	issn = {1862-4065, 1862-4057},
	doi = {10.1007/s11625-010-0117-x},
	language = {en},
	number = {1},
	urldate = {2016-07-22},
	journal = {Sustainability Science},
	author = {Jerneck, Anne and Olsson, Lennart and Ness, Barry and Anderberg, Stefan and Baier, Matthias and Clark, Eric and Hickler, Thomas and Hornborg, Alf and Kronsell, Annica and L√∂vbrand, Eva and Persson, Johannes},
	year = {2011},
	pages = {69--82}
}
@article{r36,
	title = {Linking {Knowledge} and {Action} for {Sustainable} {Development}},
	volume = {31},
	issn = {1543-5938, 1545-2050},
	doi = {10.1146/annurev.energy.31.102405.170850},
	language = {en},
	number = {1},
	urldate = {2016-07-22},
	journal = {Annual Review of Environment and Resources},
	author = {van Kerkhoff, Lorrae and Lebel, Louis},
	year = {2006},
	pages = {445--477}
}

@article{r37,
author = {Clark, William C. and Tomich, Thomas P. and van Noordwijk, Meine and Guston, David and Catacutan, Delia and Dickson, Nancy M. and McNie, Elizabeth}, 
title = {Supporting informatio for Boundary work for sustainable development: Natural resource management at the Consultative Group on International Agricultural Research (CGIAR)},
volume = {113}, 
number = {17}, 
pages = {4615-4622}, 
year = {2016}, 
doi = {10.1073/pnas.0900231108}, 
journal = {Proceedings of the National Academy of Sciences}
}

@inbook{r38,
	address = {Dordrecht, The Netherlands},
	chapter = {Insights for a {Better} {Future} in an {Unfair} {World}: {Combining} {Social} {Justice} with {Sustainability}},
	isbn = {978-94-017-9531-9 978-94-017-9532-6},
	shorttitle = {Insights for a {Better} {Future} in an {Unfair} {World}},
	language = {en},
	urldate = {2016-07-22},
	title = {Transitions to {Sustainability}},
	publisher = {Springer},
	author = {Mancebo, François},
	editor = {Mancebo, François and Sachs, Ignacy},
	year = {2015},
	pages = {105--116}
}
@book{r39,
	title = {Science, policy, and the value-free ideal},
	isbn = {978-0-8229-6026-3},
	publisher = {University of Pittsburgh Press},
	address = {Pittsburgh, PA, USA},
	author = {Douglas, Heather E.},
	year = {2009}
}
@article{r40,
	title = {How science makes environmental controversies worse},
	volume = {7},
	issn = {14629011},
	doi = {10.1016/j.envsci.2004.06.001},
	language = {en},
	number = {5},
	urldate = {2016-07-22},
	journal = {Environmental Science \& Policy},
	author = {Sarewitz, Daniel},
	year = {2004},
	pages = {385--403}
}
@inbook{r41,
	address = {New York, NY, USA},
	chapter = {Cities as {Dissipative} {Structures}: {Global} {Change} and the {Vulnerability} of {Urban} {Civilization}},
	isbn = {978-1-4614-3187-9 978-1-4614-3188-6},
	title = {Sustainability {Science}},
	publisher = {Springer},
	author = {Rees, William E.},
	editor = {Weinstein, Michael P. and Turner, R. Eugene},
	year = {2012},
	pages = {247--273}
}
@book{r42,
	address = {Washington, DC, USA},
	title = {The ecology of place: planning for environment, economy and community},
	isbn = {978-1-55963-478-6},
	shorttitle = {The ecology of place},
	publisher = {Island Press},
	author = {Beatley, Timothy and Manning, Kristy},
	year = {1997},
}
@article{r43,
	title = {Are {We} {Planning} for {Sustainable} {Development}?: {An} {Evaluation} of 30 {Comprehensive} {Plans}},
	volume = {66},
	issn = {0194-4363, 1939-0130},
	shorttitle = {Are {We} {Planning} for {Sustainable} {Development}?},
	doi = {10.1080/01944360008976081},
	language = {en},
	number = {1},
	urldate = {2016-07-22},
	journal = {Journal of the American Planning Association},
	author = {Berke, Philip R. and Conroy, Maria Manta},
	year = {2000},
	pages = {21--33}
}
@inbook{r44,
	address = {Cambridge, UK},
	chapter = {Misunderstood misunderstandings: social identities and public uptake of science},
	isbn = {978-0-511-56373-7},
	title = {Misunderstanding science?},
	publisher = {Cambridge University Press},
	author = {Wynne, Brian},
	editor = {Irwin, Alan and Wynne, Brian},
	year = {1996},
	pages = {19--46}
}
@article{r45,
	title = {Early-warning signals for critical transitions},
	volume = {461},
	issn = {0028-0836, 1476-4687},
	doi = {10.1038/nature08227},
	number = {7260},
	journal = {Nature},
	author = {Scheffer, Marten and Bascompte, Jordi and Brock, William A. and Brovkin, Victor and Carpenter, Stephen R. and Dakos, Vasilis and Held, Hermann and van Nes, Egbert H. and Rietkerk, Max and Sugihara, George},
	year = {2009},
	pages = {53--59}
}
@article{r46,
author = {Lenton, Timothy M. and Held, Hermann and Kriegler, Elmar and Hall, Jim W. and Lucht, Wolfgang and Rahmstorf, Stefan and Schellnhuber, Hans Joachim}, 
title = {Tipping elements in the Earth's climate system},
volume = {105}, 
number = {6}, 
pages = {1786-1793}, 
year = {2008}, 
doi = {10.1073/pnas.0705414105}, 
journal = {Proceedings of the National Academy of Sciences} 
}

@techreport{r47,
	address = {Washington, DC, USA},
	title = {Community {Coated} in {Black} {Mist} until {Citizens} {Fought} {Back}},
	institution = {Center for Public Integrity},
	author = {Greene, Ronnie and Berkes, Howard},
	year = {2011}
}
@article{r48,
	title = {Incorporating values into sustainability decision-making},
	volume = {105},
	issn = {09596526},
	doi = {10.1016/j.jclepro.2015.04.014},
	language = {en},
	urldate = {2016-07-21},
	journal = {Journal of Cleaner Production},
	author = {Martin, Lawrence},
	year = {2015},
	pages = {146--156}
}
@article{r49,
	title = {``{Chicken} wars'', water fights, and other contested ecologies along the rural-urban interface in {California}'s {Sierra} {Nevada} foothills},
	volume = {23},
	publisher = {Journal of Political Ecology},
	author = {Hiner, Colleen},
	year = {2016},
	pages = {115-203}
}
@book{r50,
	title = {Environmental {Management} for {Sustainable} {Development}},
	volume = {1},
	publisher = {Routledge},
	author = {Barrow, C. J.},
	year = {2006}
}
@techreport{r51,
	address = {Victoria State, Australia},
	title = {Towards {Agile} {Government}.},
	url = {http://www.isca-web.org/files/Active_Network_2013/Desk_Research/8_Agile_Government.pdf},
	institution = {State Services Authority},
	year = {2008}
}
@techreport{r52,
	address = {Oxford, UK},
	title = {Wicked {Problems} {Clumsy} {Solutions}: {Diagnoses} and {Prescriptions} for {Environmental} {Ills}},
	url = {http://www.insis.ox.ac.uk/fileadmin/InSIS/Publications/Rayner_-_jackbealelecture.pdf},
	institution = {Martin Institute},
	author = {Rayner, Steve},
	year = {2006}
}
@book{r53,
	address = {Garden City, NY, USA},
	title = {Retracking {America}; a theory of transactive planning},
	isbn = {978-0-385-00679-8},
	publisher = {Anchor Press},
	author = {Friedmann, John},
	year = {1973}
}
@book{r54,
	address = {Washington, DC, USA},
	title = {Wicked environmental problems: managing uncertainty and conflict},
	isbn = {978-1-59726-474-7 978-1-59726-475-4},
	shorttitle = {Wicked environmental problems},
	publisher = {Island Press},
	editor = {Balint, Peter J.},
	year = {2011}
}
@book{r55,
	address = {Cambridge, MA, USA},
	title = {The deliberative practitioner: encouraging participatory planning processes},
	isbn = {978-0-262-06207-7 978-0-262-56122-8},
	shorttitle = {The deliberative practitioner},
	publisher = {MIT Press},
	author = {Forester, John},
	year = {1999},
}
@article{r56,
	title = {Planning in the {Age} of {Rebellion}: {Guidelines} to {Activist} {Research} and {Applied}},
	volume = {10},
	number = {11},
	journal = {Planning Theory},
	author = {Leavitt, Jacqueline},
	year = {1994},
	pages = {111--130}
}
@article{r57,
	title = {Planning {Theory}'s {Emerging} {Paradigm}: {Communicative} {Action} and {Interactive} {Practice}},
	volume = {14},
	issn = {0739-456X},
	shorttitle = {Planning {Theory}'s {Emerging} {Paradigm}},
	doi = {10.1177/0739456X9501400307},
	language = {en},
	number = {3},
	urldate = {2016-07-22},
	journal = {Journal of Planning Education and Research},
	author = {Innes, J. E.},
	year = {1995},
	pages = {183--189}
}
@book{r58,
	address = {New York, NY, USA},
	title = {Planning with complexity: an introduction to collaborative rationality for public policy},
	isbn = {978-0-415-77931-9 978-0-415-77932-6 978-0-203-86430-2},
	shorttitle = {Planning with complexity},
	publisher = {Routledge},
	author = {Innes, Judith Eleanor and Booher, David E.},
	year = {2010}
}
@book{r59,
	address = {Vancouver, Canada},
	title = {Collaborative planning: shaping places in fragmented societies},
	isbn = {978-0-7748-0597-1 978-0-7748-0598-8},
	shorttitle = {Collaborative planning},
	publisher = {UBC Press},
	author = {Healey, Patsy},
	year = {1997}
}
@book{r60,
	address = {London, UK},
	series = {Questioning cities series},
	title = {In the nature of cities: urban political ecology and the politics of urban metabolism},
	isbn = {978-0-415-36827-8 978-0-415-36828-5},
	shorttitle = {In the nature of cities},
	publisher = {Routledge},
	editor = {Heynen, Nik and Kaika, Maria and Swyngedouw, E.},
	year = {2006}
}
@article{r61,
	title = {A {General} {Framework} for {Analyzing} {Sustainability} of {Social}-{Ecological} {Systems}},
	volume = {325},
	issn = {0036-8075, 1095-9203},
	doi = {10.1126/science.1172133},
	language = {en},
	number = {5939},
	urldate = {2016-07-24},
	journal = {Science},
	author = {Ostrom, E.},
	year = {2009},
	pages = {419--422}
}
@inbook{r62,
	address = {Dordrecht, The Netherlands},
	chapter = {Transformational {Sustainability} {Research} {Methodology}},
	isbn = {978-94-017-7241-9 978-94-017-7242-6},
	title = {Sustainability {Science}},
	publisher = {Springer},
	author = {Wiek, Arnim and Lang, Daniel J.},
	editor = {Heinrichs, Harald and Martens, Pim and Michelsen, Gerd and Wiek, Arnim},
	year = {2016},
	pages = {31--41}
}
@book{r63,
	address = {Collingdale, PA, USA},
	title = {Would-be worlds: how simulation is changing the frontiers of science.},
	isbn = {978-0-7881-9676-8},
	shorttitle = {Would-be worlds},
	language = {English},
	publisher = {Diane Publishing Co},
	author = {Casti, John L},
	year = {1997}
}
@article{r64,
author={Alberti, Marina, and Waddell, Paul},
title={An integrated urban development and ecological simulation model},
journal={Integrated Assessment},
year={2000},
volume={1},
number={3},
pages={215--227},
issn={1573-1545},
doi={10.1023/A:1019140101212}
}

@book{r65,
	address = {Cambridge, MA, USA},
	title = {Cities and complexity: understanding cities with cellular automata, agent-based models, and fractals},
	isbn = {978-0-262-52479-7 978-0-262-02583-6},
	shorttitle = {Cities and complexity},
	language = {eng},
	publisher = {MIT Press},
	author = {Batty, Michael},
	year = {2007}
}
@book{r66,
	address = {Cambridge, MA, USA},
	title = {Good city form},
	isbn = {978-0-262-62046-8 978-0-262-12085-2},
	publisher = {MIT Press},
	author = {Lynch, Kevin},
	year = {1984}
}
@book{r67,
	address = {London, UK},
	series = {A {Harvest} book},
	title = {The city in history: its origins, its transformations, and its prospects},
	isbn = {978-0-15-618035-1},
	shorttitle = {The city in history},
	language = {eng},
	publisher = {Harcourt},
	author = {Mumford, Lewis},
	year = {1989}
}
@book{r68,
	address = {Princeton, NJ, USA},
	series = {Information series},
	title = {Insurgent citizenship: disjunctions of democracy and modernity in {Brazil}},
	isbn = {978-0-691-14290-6 978-0-691-13021-7},
	shorttitle = {Insurgent citizenship},
	language = {eng},
	publisher = {Princeton University Press},
	author = {Holston, James},
	year = {2008}
}
@article{r69,
	title = {The {Strategy} of {Ecosystem} {Development}},
	volume = {164},
	issn = {0036-8075, 1095-9203},
	doi = {10.1126/science.164.3877.262},
	language = {en},
	number = {3877},
	urldate = {2016-07-24},
	journal = {Science},
	author = {Odum, E. P.},
	year = {1969},
	pages = {262--270}
}
@book{r70,
	address = {New York, NY, USA},
	series = {Wiley series in sustainable design},
	title = {Regenerative design for sustainable development},
	isbn = {978-0-471-17843-9 978-0-471-55582-7},
	language = {eng},
	publisher = {Wiley},
	author = {Lyle, John Tillman},
	year = {1994}
}
@article{r71,
	title = {Measuring urban sustainability},
	volume = {16},
	issn = {01959255},
	doi = {10.1016/S0195-9255(96)00083-2},
	language = {en},
	number = {4-6},
	urldate = {2016-07-24},
	journal = {Environmental Impact Assessment Review},
	author = {Alberti, Marina},
	month = {jul},
	year = {1996},
	pages = {381--424}
}
@book{r72,
	address = {Washington, DC, USA},
	title = {Cities as sustainable ecosystems: principles and practices},
	isbn = {978-1-59726-187-6 978-1-59726-188-3},
	shorttitle = {Cities as sustainable ecosystems},
	publisher = {Island Press},
	author = {Newman, Peter and Jennings, Isabella},
	year = {2008}
}
@book{r73,
	address = {Philadelphia, PA, USA},
	series = {New catalyst bioregional series},
	title = {Our ecological footprint: reducing human impact on the earth},
	isbn = {978-0-86571-311-6 978-0-86571-312-3 978-1-55092-250-9 978-1-55092-251-6},
	shorttitle = {Our ecological footprint},
	number = {no. 9},
	publisher = {New Society Publishers},
	author = {Wackernagel, Mathis and Rees, William E.},
	year = {1996}
}
@book{r74,
	address = {New York, NY, USA},
	title = {General system theory: Foundations, development, applications},
	isbn = {978-0-8076-0015-3},
	shorttitle = {General system theory},
	publisher = {George Braziller, Inc},
	author = {Bertalanffy, Ludwig von},
	year = {2015},
	edition={Revised}
}
@book{r75,
	address = {Cambridge, MA, USA},
	title = {Cybernetics or control and communication in the animal and the machine},
	isbn = {978-1-61427-502-2},
	language = {eng},
	publisher = {MIT Press},
	author = {Wiener, Norbert},
	year = {2013},
}
@techreport{r76,
	address = {New York, NY, USA},
	title = {The {Rockefeller} {Foundation} {Annual} {Report}},
	institution = {Rockefeller Foundation},
	author = {Weaver, Warren},
	year = {1958}
}
@book{r77,
	address = {Oxford, UK},
	series = {Urban and regional planning series},
	title = {A systems view of planning},
	isbn = {978-0-08-020625-7 978-0-08-020626-4},
	number = {1},
	publisher = {Pergamon Press},
	author = {Chadwick, George},
	year = {1978}
}
@book{r78,
	address = {London, UK},
	title = {Urban and regional planning: a systems approach},
	isbn = {978-0-571-09005-1},
	shorttitle = {Urban and regional planning},
	publisher = {Faber},
	author = {McLoughlin, J. Brian},
	year = {1969},
}
@book{r79,
	address = {New York, NY, USA},
	series = {Vintage books},
	title = {The economy of cities},
	isbn = {978-0-394-70584-2},
	language = {eng},
	number = {584},
	publisher = {Vintage Books},
	author = {Jacobs, Jane},
	year = {1970}
}
@book{r80,
	address = {Oxford, UK},
	title = {The informational city: Information technology, economic restructuring, and the urban-regional process},
	isbn = {978-0-631-15988-9},
	shorttitle = {The informational city},
	publisher = {B. Blackwell},
	author = {Castells, Manuel},
	year = {1989},
}
@inbook{r81,
	address = {New York, NY, USA},
	publisher = {Rizzoli},
	chapter = {Complex {Systems} {Thinking} and {New} {Urbanism}},
	title = {Sustainable {Urbanism} and {Beyond}: {Designing} {Cities} for the {Future}},
	editor = {Tigran Haas},
	author = {Sanders, T. Irene},
	year = {2008},
	pages = {275-279}
}
@inbook{r82,
	doi = {10.1007/978-0-387-30440-3\_69},
	year = {2009},
	publisher = {Springer},
	pages = {1041--1071},
	author = {Michael Batty},
	chapter = {Cities as Complex Systems: Scaling, Interaction, Networks, Dynamics and Urban Morphologies},
	title = {Encyclopedia of Complexity and Systems Science}
}
@book{r83,
	title = {Du futur faisons table rase. {Le} développement urbain durable au prisme de la rénovation urbaine},
	volume = {1},
	publisher = {Presses universitaires de Saint-Étienne},
	author = {Epstein, Renaud},
	address = {Saint-Étienne, France},
	year = {2011}
}
@book{r84,
	address = {Princeton, NJ, USA},
	series = {Princeton studies in complexity},
	title = {Complex adaptive systems: an introduction to computational models of social life},
	isbn = {978-0-691-12702-6 978-0-691-13096-5},
	shorttitle = {Complex adaptive systems},
	publisher = {Princeton University Press},
	author = {Miller, John H. and Page, Scott E.},
	year = {2007},
}
@book{r85,
	address = {New York, NY, USA},
	title = {Complexity: [the emerging science at the edge of order and chaos]},
	isbn = {978-0-671-87234-2 978-0-671-76789-1},
	shorttitle = {Complexity},
	language = {eng},
	publisher = {Touchstone},
	author = {Waldrop, M. Mitchell},
	year = {1993},
	annote = {Bibliogr. S. [360] - 363},
	file = {Table of Contents}
}
@book{r86,
	address = {Cambridge, MA, USA},
	title = {Cities and complexity: understanding cities with cellular automata, agent-based models, and fractals},
	isbn = {978-0-262-52479-7 978-0-262-02583-6},
	shorttitle = {Cities and complexity},
	language = {eng},
	publisher = {MIT Press},
	author = {Batty, Michael},
	year = {2007}
}
@book{r87,
	address = {New York, NY, USA},
	title = {Complexity: [the emerging science at the edge of order and chaos]},
	isbn = {978-0-671-87234-2 978-0-671-76789-1},
	shorttitle = {Complexity},
	language = {eng},
	publisher = {Touchstone},
	author = {Waldrop, M. Mitchell},
	year = {1993},
}
@misc{r88,
	title = {Complex {Adaptive} {Systems}---{Webs} of {Delight}},
	url = {http://www.calresco.org/lucas/cas.htm},
	author = {Lucas, Simon},
	year = {2010}
}
@book{r89,
	address = {New York, NY, USA},
	title = {Emergence: the connected lives of ants, brains, cities and software},
	isbn = {978-0-684-86876-9 978-0-684-86875-2},
	shorttitle = {Emergence},
	language = {eng},
	publisher = {Scribner},
	author = {Johnson, Steven},
	year = {2004}
}
@article{r90,
	title = {Cities and {Regions} as {Evolutionary} {Complex} {Systems}},
	volume = {4},
	journal = {Geographical Systems},
	author = {Allen, Peter M.},
	year = {1997},
	number = {1},
	pages = {103--130}
}
@book{r91,
	address = {Paris, France},
	title = {Villes et auto-organisation},
	isbn = {978-2-7178-1635-8},
	publisher = {Economica},
	author = {Pumain, Denise and Sanders, Léna and Saint-Julien, Thérèse},
	year = {1989},
}
@article{r92,
	title = {The {Legacy} of {Earth} {Day}: {Reflections} at a {Turning} {Point}},
	volume = {37},
	issn = {0013-9157, 1939-9154},
	shorttitle = {The {Legacy} of {Earth} {Day}},
	doi = {10.1080/00139157.1995.9929226},
	language = {en},
	number = {3},
	urldate = {2016-07-24},
	journal = {Environment: Science and Policy for Sustainable Development},
	author = {O'Riordan, Timothy and Clark, William C. and Kates, Robert W. and McGowan, Alan},
	year = {1995},
	pages = {7--37}
}
@article{r93,
	title = {Urban {Ecosystems}: {The} {Human} {Dimension}},
	number = {1},
	journal = {Urban Ecosystems},
	author = {Rees, William E.},
	year = {1997},
	pages = {63--75},
	doi = {10.1023/A:1014380105620}
}
@article{r94,
	title = {Urban {Ecology} as an {Interdisciplinary} {Field}: {Differences} in the {Use} of ``{Urban}'' between the {Social} and {Natural} {Sciences}},
	number = {4},
	journal = {Urban Ecosystems},
	author = {McIntyre, Nancy E. and Knowles-Yanes, Kim and Hope, Diane},
	year = {2000},
	pages = {5--24},
	doi = {10.1023/A:1009540018553}
}

@inbook{r95,
	doi = {10.1007/978-0-387-73412-5\_9},
	publisher = {Springer Nature},
	pages = {143--158},
	author = {Marina Alberti and John M. Marzluff and Eric Shulenberger and Gordon Bradley and Clare Ryan and Craig Zumbrunnen},
	chapter = {Integrating Humans into Ecology: Opportunities and Challenges for Studying Urban Ecosystems},
	title = {Urban Ecology}
}
	
@incollection{r96,
	doi = {10.1007/978-0-387-73412-5\_8},
	publisher = {Springer Nature},
	pages = {123--141},
	author = {Nancy B. Grimm and J. Morgan Grove and Steward T.A. Pickett and Charles L. Redman},
	chapter = {Integrated Approaches to Long-Term Studies of Urban Ecological Systems},
	title = {Urban Ecology}
}	
	

@book{r97,
	title = {In the {Nature} of {Cities}: {Urban} political ecology and the politics of urban metabolism},
	volume = {1},
	publisher = {Routledge},
	author = {Nik Heynen, Maria Kaika and Swyngedouw, Erik},
	year = {2006},
	address = {London, UK}
}

@misc{r98,
title = {Resalliance},
url = {http://www.resalliance.org}
}

@inbook{r99,
	address = {Washington, DC, USA},
	publisher = {Island Press},
	chapter = {Why {Systems} of {People} and {Nature} are not {Just} {Social} and {Ecological} {Systems}},
	title = {Panarchy},
	editor = {Gunderson L. H., Holling C. S.},
	author = {Westley, F and Carpenter, Stephen R. and Brock, William A. and Holling, C. S. and Gunderson, L. H.},
	year = {2002},
	pages = {103--119}
}
@article{r100,
	title = {Sustainability science: An ecohealth perspective},
	volume = {2},
	issn = {1862-4065, 1862-4057},
	shorttitle = {Sustainability science},
	doi = {10.1007/s11625-006-0016-3},
	language = {en},
	number = {1},
	urldate = {2016-07-24},
	journal = {Sustainability Science},
	author = {Rapport, David J.},
	year = {2007},
	pages = {77--84}
}
@book{r101,
	address = {Washington, DC, USA},
	title = {Our common journey: a transition toward sustainability},
	isbn = {978-0-585-12101-7 978-0-309-06783-6},
	shorttitle = {Our common journey},
	publisher = {National Academy Press},
	editor = {{National Research Council (U.S.)}},
	year = {1999},
}
@inbook{r102,
	address = {New York, NY, USA},
	chapter = {Cities as {Dissipative} {Structures}: {Global} {Change} and the {Vulnerability} of {Urban} {Civilization}},
	isbn = {978-1-4614-3187-9 978-1-4614-3188-6},
	shorttitle = {Cities as {Dissipative} {Structures}},
	language = {en},
	urldate = {2016-07-21},
	title = {Sustainability {Science}},
	publisher = {Springer New York},
	author = {Rees, William E.},
	editor = {Weinstein, Michael P. and Turner, R. Eugene},
	year = {2012},
	pages = {247--273}
}
@article {r103,
	author = {Kates, Robert W. and Clark, William C. and Corell, Robert and Hall, J. Michael and Jaeger, Carlo C. and Lowe, Ian and McCarthy, James J. and Schellnhuber, Hans Joachim and Bolin, Bert and Dickson, Nancy M. and Faucheux, Sylvie and Gallopin, Gilberto C. and Gr{\"u}bler, Arnulf and Huntley, Brian and J{\"a}ger, Jill and Jodha, Narpat S. and Kasperson, Roger E. and Mabogunje, Akin and Matson, Pamela and Mooney, Harold and Moore, Berrien and O{\textquoteright}Riordan, Timothy and Svedin, Uno},
	title = {Sustainability Science},
	volume = {292},
	number = {5517},
	pages = {641--642},
	year = {2001},
	doi = {10.1126/science.1059386},
	publisher = {American Association for the Advancement of Science},
	journal = {Science}
}

@article{r104,
	title = {Sustainable urban metabolism as a link between bio-physical sciences and urban planning: {The} {BRIDGE} project},
	volume = {112},
	issn = {01692046},
	shorttitle = {Sustainable urban metabolism as a link between bio-physical sciences and urban planning},
	doi = {10.1016/j.landurbplan.2012.12.005},
	language = {en},
	urldate = {2016-07-24},
	journal = {Landscape and Urban Planning},
	author = {Chrysoulakis, Nektarios and Lopes, Myriam and San José, Roberto and Grimmond, Christine Susan Betham and Jones, Mike B. and Magliulo, Vincenzo and Klostermann, Judith E.M. and Synnefa, Afroditi and Mitraka, Zina and Castro, Eduardo A. and Gonzalez, Ainhoa and Vogt, Roland and Vesala, Timo and Spano, Donatella and Pigeon, Gregoire and Freer-Smith, Peter and Staszewski, Tomasz and Hodges, Nick and Mills, Gerald and Cartalis, Constantinos},
	year = {2013},
	pages = {100--117}
}
@inbook{r105,
	address = {Dordrecht, The Netherlands},
	chapter = {Sustainable {Development} and {Material} {Flows}},
	isbn = {978-94-017-7241-9 978-94-017-7242-6},
	language = {en},
	urldate = {2016-07-24},
	title = {Sustainability {Science}},
	publisher = {Springer},
	author = {John, Beatrice and Möller, Andreas and, Annika},
	editor = {Heinrichs, Harald and Martens, Pim and Michelsen, Gerd and Wiek, Arnim},
	year = {2016},
	pages = {219--230}
}

@inbook{r106,
	publisher = {University of York},
	address = {York, UK},
	chapter = {The {Compact} {City} and {Social} {Justice}},
	title = {Housing Studies Association Spring Conference},
	author = {Burton, Elizabeth},
	year = {2001}
	}



@inbook{r107,
	address = {Cambridge, UK},
	publisher = {Cambridge University Press},
	series = {Series {New} {Directions} in {Sustainability}.},
	chapter = {Combining {Sustainability} and {Social} {Justice} in the {Paris} {Metropolitan} {Region}},
	title = {Sustainability in the {Global} {City}: {Myth} and {Practice}},
	editor = {Isenhour C, McDonough G, Checker M},
	author = {Mancebo, François},
	year = {2015},
	pages = {263--283}
}
@book{r108,
	address = {London, UK},
	title = {Planning for Sustainability},
	isbn = {978-0-415-80988-7 978-0-415-80989-4 978-0-203-13455-9},
	publisher = {Routledge, Taylor \& Francis Group},
	author = {Wheeler, Stephen},
	year = {2013},
}
@book{r109,
	address = {Houndmills, UK},
	series = {Global issues series},
	title = {Clumsy solutions for a complex world: governance, politics and plural perceptions},
	isbn = {978-0-230-31951-6},
	shorttitle = {Clumsy solutions for a complex world},
	language = {eng},
	publisher = {Palgrave Macmillan},
	editor = {Verweij, Marco and Thompson, Michael},
	year = {2011},
}
@inbook{r110,
	address = {New York, NY, USA},
	publisher = {Mc Graw Hill},
	chapter = {Introduction---{Are} {Cities} {Sustainable}?},
	title = {Taking {Sides}: {Clashing} {Issues} in {Sustainability}},
	editor = {Taylor Robert W.},
	author = {Justus, F and Taylor, Robert W.},
	year = {2011},
	pages={1--10}
}
@techreport{r111,
	number = {Project {Report} {School} of {Sustainability}},
	title = {The future of {Phoenix}: {Crafting} {Sustainable} {Development} {Strategies}.},
	author = {Wiek, Arnim and Selin, C. and Johnson, C.},
	year = {2010},
	institution = {Arizona State University},
	address = {Temple, AZ, USA}
}
@inbook{r112,
	address = {Dordrecht, The Netherlands},
	chapter = {Justice and {Sustainability}},
	isbn = {978-94-017-7241-9 978-94-017-7242-6},
	doi = {10.1007/978-94-017-7242-6\_14},
	language = {en},
	urldate = {2016-07-24},
	title = {Sustainability {Science}},
	publisher = {Springer Netherlands},
	author = {Klinsky, Sonja and Golub, Aaron},
	editor = {Heinrichs, Harald and Martens, Pim and Michelsen, Gerd and Wiek, Arnim},
	year = {2016},
	pages = {161--173}
}

@book{r113,
	doi = {10.1007/978-94-017-7242-6},
	year = {2016},
	publisher = {Springer},
	editor = {Harald Heinrichs and Pim Martens and Gerd Michelsen and Arnim Wiek},
	title = {Sustainability Science},
	chapter = {ustice and Sustainability},
	author = {Klinsky, S and Golub, A},
	pages = {161-173}
}

@article{r114,
	title = {Beyond the pillars: Sustainability assessment as a framework for effective integration of social, economic and ecological considerations in significant desicion-making},
	volume = {08},
	issn = {1464-3332, 1757-5605},
	doi = {10.1142/S1464333206002517},
	language = {en},
	number = {03},
	urldate = {2016-07-24},
	journal = {Journal of Environmental Assessment Policy and Management},
	author = {Gibson, Robert B.},
	year = {2006},
	pages = {259--280}
}
@book{r115,
	address = {Durham, NC, USA},
	title = {Citizens, experts, and the environment: the politics of local knowledge},
	isbn = {978-0-8223-2628-1 978-0-8223-2622-9},
	shorttitle = {Citizens, experts, and the environment},
	publisher = {Duke University Press},
	author = {Fischer, Frank},
	year = {2000},
}
@article{r116,
	title = {Debate {Caney}'s `{International} {Distributive} {Justice}': a {Response}},
	volume = {50},
	issn = {0032-3217, 1467-9248},
	shorttitle = {Debate {Caney}'s '{International} {Distributive} {Justice}'},
	doi = {10.1111/1467-9248.00404},
	language = {en},
	number = {5},
	urldate = {2016-07-24},
	journal = {Political Studies},
	author = {Miller, David},
	year = {2002},
	pages = {974--977}
}
@book{r117,
	address = {New York, NY, USA},
	title = {Spheres of justice: a defense of pluralism and equality},
	isbn = {978-0-465-08189-9},
	shorttitle = {Spheres of justice},
	language = {eng},
	publisher = {Basic Books},
	author = {Walzer, Michael},
	year = {2010},
}
@book{r118,
	address = {Ithaca, NY, USA},
	title = {The just city},
	isbn = {978-0-8014-7690-7 978-0-8014-4655-9},
	language = {eng},
	publisher = {Cornell University Press},
	author = {Fainstein, Susan S.},
	year = {2010}
}
@article{r119,
	title = {Transdisciplinary research in sustainability science: practice, principles, and challenges},
	volume = {7},
	issn = {1862-4065, 1862-4057},
	shorttitle = {Transdisciplinary research in sustainability science},
	doi = {10.1007/s11625-011-0149-x},
	language = {en},
	number = {S1},
	urldate = {2016-07-24},
	journal = {Sustainability Science},
	author = {Lang, Daniel J. and Wiek, Arnim and Bergmann, Matthias and Stauffacher, Michael and Martens, Pim and Moll, Peter and Swilling, Mark and Thomas, Christopher J.},
	year = {2012},
	pages = {25--43}
}
@article{r120,
	title = {Integrated {Monitoring} of {Sustainable} {Development}},
	volume = {4},
	issn = {1937-0695, 1937-0709},
	doi = {10.1089/SUS.2011.9673},
	language = {en},
	number = {4},
	urldate = {2016-07-24},
	journal = {Sustainability: The Journal of Record},
	author = {van Zeijl-Rozema, Annemarie and Martens, Pim},
	year = {2011},
	pages = {199--202}
}
@inbook{r121,
	address = {Dordrecht, The Netherlands},
	chapter = {Beyond {Neocorporatism}? {Transdisciplinary} {Case} {Studies} as a {Means} for {Collaborative} {Learning} in {Sustainable} {Development}},
	isbn = {978-90-481-8729-4 978-90-481-8730-0},
	shorttitle = {Beyond {Neocorporatism}?},
	doi = {10.1007/978-90-481-8730-0\_12},
	title = {Environmental {Sociology}},
	publisher = {Springer Netherlands},
	author = {Stauffacher, Michael},
	editor = {Gross, Matthias and Heinrichs, Harald},
	year = {2010},
	pages = {201--216}
}
@book{r122,
	address = {Cambridge, UK},
	title = {Environmental literacy in science and society: from knowledge to decisions},
	isbn = {978-0-521-19271-2 978-0-521-18333-8},
	shorttitle = {Environmental literacy in science and society},
	publisher = {Cambridge University Press},
	author = {Scholz, Roland W. and Binder, Claudia R.},
	year = {2011}
}
@article{r123,
	title = {From complex systems analysis to transformational change: a comparative appraisal of sustainability science projects},
	volume = {7},
	issn = {1862-4065, 1862-4057},
	shorttitle = {From complex systems analysis to transformational change},
	doi = {10.1007/s11625-011-0148-y},
	language = {en},
	number = {S1},
	urldate = {2016-07-24},
	journal = {Sustainability Science},
	author = {Wiek, Arnim and Ness, Barry and Schweizer-Ries, Petra and Brand, Fridolin S. and Farioli, Francesca},
	year = {2012},
	pages = {5--24}
}
@book{r124,
	address = {Washington, DC, USA},
	title = {Planning as if people matter: governing for social equity},
	isbn = {978-1-61091-011-8 978-1-61091-012-5},
	shorttitle = {Planning as if people matter},
	publisher = {Island Press},
	author = {Brenman, Marc and Sanchez, Thomas W.},
	year = {2012},
}
@inbook{r125,
	address = {Brasilia, Brazil},
	publisher = {Institute for Applied Economic Research},
	chapter = {Cities as {Complex} {Systems}},
	title = {Modeling {Complex} {Systems} for {Public} {Policies}},
	publisher = {Furtado B. A., Sakowski P. A. M., Tovolli M. H.},
	author = {Bettencourt, L. M. A.},
	year = {2015},
	note = {/hl{Please provide the page range}}
}

@misc{r126,
title = {Shelter Associates},
url = {www.shelter-associates.org}
}

@inbook{r127,
	address = {New York, NY, USA},
	chapter = {Urbanization, {Local} {Government} and {Planning} for {Sustainability}},
	isbn = {978-1-4614-3187-9 978-1-4614-3188-6},
	doi = {10.1007/978-1-4614-3188-6\_14},
	title = {Sustainability {Science}},
	publisher = {Springer New York},
	author = {Taylor, Robert W.},
	editor = {Weinstein, Michael P. and Turner, R. Eugene},
	year = {2012},
	pages = {293--313}
}
@inbook{r128,
	doi = {10.1007/978-1-4614-3188-6\_2},
	year = {2012},
	publisher = {Springer},
	pages = {21--58},
	author = {John D. Sterman},
	chapter = {Sustaining Sustainability: Creating a Systems Science in a Fragmented Academy and Polarized World},
	title = {Sustainability Science},
	editor = {Michael P. Weinstein and R. Eugene Turner}
}
@inbook{r129,
	address = {Rugby, UK},
	chapter = {{Sustainable} {Urban} {Management}: {Opportunities} and {Risks} of {Information} {Technology}},
	isbn = {978-1-85339-452-2 978-1-78044-607-3},
	shorttitle = {13. {Sustainable} {Urban} {Management}},
	doi = {10.3362/9781780446073.013},
	language = {en},
	urldate = {2016-07-26},
	title = {Sustainable {Development} and the {Future} of {Cities}},
	publisher = {Practical Action Publishing},
	author = {Weiland, Ulrike and Hilty, Lorenz},
	editor = {Hamm, Bernd and Muttagi, Pandurang K.},
	year = {1998},
	pages = {195--202}
}
@article{r130,
author={Basiago, A. D.},
title={Economic, social, and environmental sustainability in development theory and urban planning practice},
journal={Environmentalist},
year={1998},
volume={19},
number={2},
pages={145--161},
issn={1573-2991},
doi={10.1023/A:1006697118620}
}


@inbook{r131,
	address = {Dordrecht, The Netherlands},
	chapter = {Sustainable {Development} and {Material} {Flows}},
	isbn = {978-94-017-7241-9 978-94-017-7242-6},
	doi = {10.1007/978-94-017-7242-6\_18},
	title = {Sustainability {Science}},
	publisher = {Springer Netherlands},
	author = {John, Beatrice and Möller, Andreas and Weiser, Annika},
	editor = {Heinrichs, Harald and Martens, Pim and Michelsen, Gerd and Wiek, Arnim},
	year = {2016},
	pages = {219--230}
}
@article{r132,
	title = {Moving beyond panaceas: a multi-tiered diagnostic approach for social-ecological analysis},
	volume = {37},
	issn = {0376-8929, 1469-4387},
	shorttitle = {Moving beyond panaceas},
	doi = {10.1017/S0376892910000834},
	language = {en},
	number = {04},
	urldate = {2016-07-26},
	journal = {Environmental Conservation},
	author = {Ostrom, Elinor and Cox, Michael},
	month = {dec},
	year = {2010},
	pages = {451--463}
}
@article{r133,
	title = {Crafting {Usable} {Knowledge} for {Sustainable} {Development}},
	issn = {1556-5068},
	url = {http://www.ssrn.com/abstract=2782651},
	doi = {10.2139/ssrn.2782651},
	language = {en},
	urldate = {2016-07-26},
	journal = {SSRN Electronic Journal},
	author = {Clark, William C. and van Kerkhoff, Lorrae and Lebel, Louis and Gallopin, Gilberto C.},
	year = {2016}
}
@article{r134,
	title = {A {General} {Framework} for {Analyzing} {Sustainability} of {Social}-{Ecological} {Systems}},
	volume = {325},
	issn = {0036-8075, 1095-9203},
	url = {http://www.sciencemag.org/cgi/doi/10.1126/science.1172133},
	doi = {10.1126/science.1172133},
	language = {en},
	number = {5939},
	urldate = {2016-07-26},
	journal = {Science},
	author = {Ostrom, E.},
	month = {jul},
	year = {2009},
	pages = {419--422}
}
@article{r135,
	title = {Urban sustainability: {Dilemmas} challenges and paradigms},
	volume = {28},
	issn = {0160791X},
	shorttitle = {Urban sustainability},
	url = {http://linkinghub.elsevier.com/retrieve/pii/S0160791X05000576},
	doi = {10.1016/j.techsoc.2005.10.018},
	language = {en},
	number = {1-2},
	urldate = {2016-07-26},
	journal = {Technology in Society},
	author = {Bugliarello, George},
	month = {jan},
	year = {2006},
	pages = {19--26}
}

@book{r136,
	title = {Cities {And} {Regions} as {Evolutionary} {Complex} {Systems}},
	volume = {1},
	publisher = {Geographical Systems},
	author = {Allen, Peter M.},
	month = {may},
	year = {1997}
}
@article{r137,
	title = {Synergy city; planning for a high density, super-symbiotic society},
	volume = {83},
	issn = {01692046},
	url = {http://linkinghub.elsevier.com/retrieve/pii/S0169204607001466},
	doi = {10.1016/j.landurbplan.2007.05.006},
	language = {en},
	number = {1},
	urldate = {2016-07-26},
	journal = {Landscape and Urban Planning},
	author = {Wood, John},
	month = {nov},
	year = {2007},
	pages = {77--83}
}
@book{r138,
	address = {La Tour d'Aigues, France},
	title = {Les nouveaux compromis urbains: lexique de la ville plurielle},
	isbn = {978-2-7526-0433-0},
	shorttitle = {Les nouveaux compromis urbains},
	language = {French},
	publisher = {Editions de l'Aube},
	author = {Ascher, François},
	year = {2008},
}
@book{r139,
	address = {New York, NY, USA},
	title = {The end of certainty: time, chaos, and the new laws of nature},
	isbn = {978-0-684-83705-5},
	shorttitle = {The end of certainty},
	language = {eng},
	publisher = {Free Press},
	author = {Prigogine, I. and Stengers, Isabelle},
	year = {1997},
}
@article{r140,
	title = {Threshold-{Based} {Resource} {Management}: {A} {Framework} for {Comprehensive} {Ecosystem} {Management}},
	volume = {27},
	issn = {0364-152X, 1432-1009},
	shorttitle = {Threshold-{Based} {Resource} {Management}},
	url = {http://link.springer.com/10.1007/s002670010143},
	doi = {10.1007/s002670010143},
	number = {2},
	urldate = {2016-07-26},
	journal = {Environmental Management},
	author = {Roe, Emery and Eeten, Michel van},
	month = {feb},
	year = {2001},
	pages = {195--214}
}
@inbook{r141,
	address = {New York, NY, USA},
	chapter = {Urbanization, {Local} {Government} and {Planning} for {Sustainability}},
	isbn = {978-1-4614-3187-9 978-1-4614-3188-6},
	doi = {10.1007/978-1-4614-3188-6\_14},
	title = {Sustainability {Science}},
	publisher = {Springer New York},
	author = {Taylor, Robert W.},
	editor = {Weinstein, Michael P. and Turner, R. Eugene},
	year = {2012},
	pages = {293--313}
}
@book{r142,
	address = {New York, NY, USA},
	series = {Routledge studies in sustainability transitions},
	title = {Automobility in transition?: A socio-technical analysis of sustainable transport},
	isbn = {978-0-415-88505-8},
	shorttitle = {Automobility in transition?},
	number = {2},
	publisher = {Routledge},
	editor = {Geels, Frank W.},
	year = {2012}
	}
